4612 6428
424 379 486 447 294
937 377 1068 436 uiuam
1087 373 1328 445 ALIORUMQUE
1348 373 1556 434 EPIS'PULAX.

341 555 374 628 G
427 557 567 642 quinque
584 554 796 619 humanorum
813 559 966 621 sensuum
982 555 1087 620 officia
1109 553 1299 619 describens
1322 554 1368 618 ita
1391 551 1481 617 dicit:
1507 553 1610 617 oculi
1634 551 1779 617 domini
1804 573 1920 639 super
1943 555 2073 621 iustos

423 667 462 724 et
484 680 600 724 aures
624 660 708 724 eius
731 657 777 723 ad
800 682 942 747 preces
967 681 1110 734 eorum;
1142 659 1329 723 etiterum:
1359 679 1401 720 os
1424 656 1576 721 domIni
1600 659 1772 722 locutum
1802 667 1878 735 est;
1908 661 1998 724 item:
2024 667 2073 740 ,et

423 761 620 826 odoratus
644 769 709 828 est
731 762 882 828 odorem
906 765 1136 840 suavitatis;
1161 770 1207 828 et:
1232 783 1369 828 manus
1393 761 1595 827 mcafecit
1618 761 1880 827 haecomnia.
1920 764 2072 829 caelum

421 866 522 930 mihi
553 867 716 931 thronus
747 874 822 947 est,
854 875 963 934 terra
990 875 1119 935 autem
1150 866 1370 932 scabellum
1393 864 1531 952 pedum
1554 887 1748 939 meorum;
1779 865 1929 933 cordibus
1951 869 2071 935 nostris

371 970 409 1032 21
423 967 617 1034 efficientias
651 971 795 1036 insinuat
825 993 933 1037 rerum
967 973 1028 1037 sub
1062 971 1298 1057 significatione
1331 969 1561 1036 membrorum.
1606 968 1693 1035 unde
1724 991 1782 1056 pro
1812 971 1969 1036 ineffabili
2000 973 2071 1038 eius
2113 990 2125 1026 τι

423 1073 509 1136 circa
529 1072 706 1138 humanum
729 1095 833 1160 genus
856 1075 1060 1161 dignatione,
1091 1094 1173 1160 quae
1197 1095 1309 1140 servos
1333 1075 1455 1139 amicos
1479 1095 1516 1136 ac
1538 1073 1621 1137 lilios
1651 1070 1841 1161 [nominare]
1873 1077 2070 1162 compellare

371 1177 412 1239 22
423 1197 486 1240 ιιοιι
510 1176 659 1263 despicit,
684 1186 720 1241 ut
741 1178 839 1242 homo
864 1200 937 1244 cum
960 1179 1076 1245 codem
1098 1181 1240 1243 vicissim
1264 1178 1405 1242 humano
1428 1197 1484 1241 ore
1508 1185 1541 1242 et
1564 1199 1653 1243 more
1678 1179 1882 1264 colloquitur.
1927 1189 2071 1244 ceterum

423 1281 474 1346 dei
508 1281 556 1346 ira
586 1282 711 1347 iustitia
741 1289 805 1364 est,
840 1282 894 1348 dei
928 1283 1017 1348 furor
1046 1283 1230 1348 severitatis
1259 1283 1352 1367 rigor
1385 1288 1449 1361 est,
1486 1279 1538 1345 dci
1570 1282 1697 1346 iurasse
1732 1281 1886 1347 delinisse
1920 1289 1983 1363 est,
2017 1283 2071 1348 dei

421 1387 622 1471 paenituisse
645 1388 809 1452 sententia
830 1393 940 1452 tamen
965 1408 1064 1474 saepe
1088 1394 1226 1459 mutata;
1258 1395 1291 1451 et
1321 1406 1395 1450 cum
1421 1405 1456 1449 sc
1485 1391 1704 1471 persequente
1731 1386 1840 1471 aliquo
1868 1385 1955 1451 laedi
1981 1386 2070 1467 dicit,

373 1489 413 1552 23
424 1490 547 1554 crimen
570 1489 731 1555 laedentis
755 1490 904 1556 ostendit.
949 1491 1176 1556 intercluditur
1201 1490 1294 1554 nobis
1318 1489 1510 1554 omnimodis
1534 1489 1688 1552 orationis
1712 1489 1926 1554 ministerium
1951 1492 2071 1555 omnis·
2100 1506 2125 1544 1⁰

424 1613 486 1678 que
509 1594 600 1675 ratio,
625 1614 689 1678 qua
711 1593 792 1659 deus
808 1595 860 1660 vel
883 1595 1085 1680 intellegitur
1100 1596 1153 1660 vel
1173 1593 1389 1682 praedicatur,
1414 1594 1440 1656 si
1457 1592 1538 1657 hacc
1553 1591 1687 1657 humani
1704 1594 1861 1658 sermonis
1878 1595 2071 1659 commercia

423 1697 667 1764 subtrahuntur.
705 1719 764 1763 cur
786 1719 865 1783 ergo
883 1697 945 1762 dici
962 1700 1124 1764 interista
1139 1720 1202 1763 non
1219 1698 1330 1785 possit,
1355 1695 1421 1762 sed
1444 1697 1572 1761 sensit
1595 1697 1871 1782 compatIentis
1895 1699 2070 1764 affectu?

372 1801 413 1863 24
424 1801 451 1864 si
482 1821 559 1885 ergo
588 1800 775 1867 discutienti
808 1803 963 1887 magistro
994 1802 1136 1888 simplex
1169 1808 1202 1867 et
1236 1808 1352 1888 aperta
1382 1802 1553 1886 responsio
1583 1799 1756 1882 satisfecit,
1791 1809 1995 1867 transeamus
2028 1802 2070 1868 ad

271 1908 355 1980 GM
419 1905 549 1970 tertiam
573 1908 814 1990 quaestionem,
845 1929 908 1992 qua
934 1915 971 1971 ut
993 1905 1210 1994 respondeam
1233 1906 1413 1993 praecipis,
1444 1925 1529 1989 quae
1553 1905 1585 1968 iu
1609 1904 1708 1968 rebus
1731 1904 1882 1970 humanis
1906 1927 2069 1992 corporea,

372 2011 411 2072 25
423 2029 548 2095 quaeve
570 2010 763 2096 incorporea
785 2010 954 2076 sentienda
979 2011 1052 2077 sint.
1097 2011 1244 2076 adhaec
1267 2011 1377 2096 aliqua
1400 2030 1462 2074 non
1486 2030 1545 2096 pro
1569 2031 1685 2074 sensus
1712 2010 1774 2072 mei
1804 2013 2069 2097 praesumptione
2098 2029 2123 2066 1⁵

422 2111 621 2199 depromam,
644 2113 702 2179 sed
719 2135 777 2201 pro
795 2122 979 2180 sanctorum
997 2116 1150 2202 opinione
1168 2115 1342 2193 seniorum,
1366 2114 1558 2200 praesertim
1575 2133 1648 2177 cum
1671 2113 1751 2178 haec
1775 2114 1917 2179 animum
1939 2115 2070 2181 laedere

420 2237 485 2280 non
515 2218 640 2304 possint
669 2224 702 2282 et
730 2216 772 2281 ad
799 2218 896 2284 fidem
928 2221 1051 2284 nutrire
1085 2220 1213 2306 possint
1247 2224 1280 2283 et
1314 2238 1417 2303 usque
1448 2215 1489 2281 ad
1519 2216 1569 2298 id,
1604 2237 1667 2302 quo
1697 2218 1780 2303 patri
1809 2217 1894 2283 filius
1925 2220 2071 2305 aequalis

422 2328 591 2406 appareat,
616 2329 728 2387 contra
751 2323 907 2388 Arrianus
939 2343 1065 2388 armare
1093 2329 1192 2408 atque
1219 2324 1348 2407 erigere
1375 2321 1507 2386 valeant
1534 2322 1724 2407 pravitates.
1770 2342 1849 2406 ergo
1877 2322 2006 2409 quando
2029 2323 2070 2389 de

422 2429 562 2488 tractatu
589 2424 695 2489 altiori
718 2426 849 2491 collatio
873 2434 932 2508 est,
956 2427 998 2491 ad
1021 2428 1227 2493 subtiliorem
1250 2426 1452 2492 intellectum
1477 2447 1594 2490 sensus
1618 2434 1651 2490 et
1673 2425 1801 2489 animus
1825 2426 2070 2513 praeparandus

372 2529 414 2591 26
424 2533 484 2594 est.
529 2529 676 2593 nonnulli
698 2529 910 2596 eruditissimi
932 2537 1060 2618 patrum
1083 2531 1148 2596 alie
1171 2538 1323 2596 asserunt
1353 2551 1427 2595 esse
1458 2527 1647 2606 invisibilia,
1676 2527 1741 2592 alia
1763 2549 1840 2594 vero
1869 2531 2069 2618 incorporea.
2098 2545 2124 2584 20

423 2630 575 2716 quicquid
606 2638 753 2698 creatum
782 2641 846 2713 est,
877 2635 1048 2700 materiam
1075 2635 1176 2700 videri
1206 2642 1240 2700 ct
1268 2634 1384 2698 factori
1412 2654 1470 2697 suo
1498 2631 1791 2717 comprehensibile
1820 2641 1853 2698 et
1882 2655 2071 2722 corporeum

424 2755 498 2799 esse
522 2735 690 2800 definiunt.
727 2757 801 2801 nam
826 2744 859 2801 et
882 2739 1063 2803 animarum
1087 2745 1120 2804 et
1142 2737 1331 2824 angelorum
1353 2743 1503 2802 naturam
1526 2743 1678 2800 asserunt
1700 2757 1773 2802 esse
1790 2759 1988 2824 corpoream,
2011 2762 2069 2827 pro

372 2841 462 2902 Yleo
494 2837 579 2924 quod
612 2839 704 2905 initio
734 2841 1018 2908 circumscribatur
1048 2849 1082 2908 et
1116 2843 1230 2929 spatio.
1280 2863 1354 2906 nam
1389 2842 1473 2906 sicut
1505 2841 1538 2904 in
1574 2839 1712 2925 quodam
1746 2843 1850 2906 sancti
1878 2843 2071 2929 Hieronymi

421 2947 563 3007 tractatu
598 2941 751 3028 legimus:
793 2944 948 3030 globos,
987 2947 1107 3033 inquit,
1146 2945 1318 3010 siderum
1360 2949 1589 3030 corporatos
1628 2964 1721 3008 esse
1761 2945 1924 3031 spiritus
1962 2949 2070 3013 arbi-

421 3051 587 3126 trantur,
622 3048 776 3112 etitem:
812 3050 844 3112 si
872 3049 1024 3134 angeli,
1059 3047 1179 3133 inquit,
1214 3048 1411 3112 caelestia
1443 3046 1560 3110 etium
1591 3065 1755 3130 corpora
1785 3046 1829 3109 ad
1860 3069 2069 3136 compara·
2097 3065 2123 3106 2⁵

419 3151 568 3238 tionem
598 3149 661 3214 dei
691 3151 884 3217 immunda
914 3173 1008 3218 esse
1040 3151 1244 3232 dicuntur,
1276 3150 1369 3236 quid
1397 3156 1515 3237 putas
1547 3149 1655 3213 homo
1687 3150 1957 3216 aestimandus
1986 3158 2069 3220 est?

369 3255 411 3318 28
424 3252 482 3318 sed
505 3254 591 3319 inter
614 3254 696 3320 haec
719 3254 792 3320 idco
815 3261 851 3320 tu
874 3258 1015 3322 animam
1038 3278 1140 3343 negas
1165 3278 1237 3322 csse
1258 3275 1458 3343 corpoream,
1482 3255 1558 3340 quia
1573 3255 1666 3318 iuxta
1682 3254 1865 3340 aliquorum
1882 3258 2069 3343 opinionem

425 3377 485 3422 nec
508 3357 623 3422 localis
647 3359 689 3423 sit
712 3379 773 3424 neo
796 3361 954 3446 qualitate
978 3367 1035 3425 aut
1057 3361 1239 3447 quantitate
1263 3359 1431 3440 subsistat,
1455 3356 1539 3444 quod
1562 3357 1603 3422 de
1628 3358 1696 3422 sola
1718 3357 1772 3423 dei
1795 3361 1965 3427 maiestate
1982 3362 2070 3428 credi

371 3463 413 3525 29
423 3460 544 3526 dobere
575 3462 785 3528 manifestum
814 3471 873 3531 est.
918 3465 1060 3550 legimus
1088 3465 1174 3530 enim
1200 3465 1233 3528 in
1263 3463 1404 3550 quodam
1430 3461 1653 3547 receptissimo
1676 3469 1805 3548 patrum
1828 3465 1983 3530 tractatu:
2012 3467 2070 3531 in-

420 3565 546 3651 gredi,
587 3567 704 3653 inquit,
743 3575 782 3633 et
819 3571 986 3656 implere
1023 3571 1155 3635 omnia
1190 3570 1264 3633 soli
1304 3578 1367 3634 est
1400 3562 1596 3654 possibile
1635 3567 1828 3647 trinitati,
1868 3589 1970 3654 quae
2010 3571 2068 3636 sic
2096 3585 2122 3622 ³⁰

418 3671 624 3736 universae
661 3670 952 3738 intellectualis
997 3680 1158 3739 naturae
1202 3671 1392 3737 efficitur
1432 3669 1694 3758 penetratrix,
1739 3676 1783 3733 ut
1821 3691 1899 3735 non
1943 3673 2069 3738 solum

420 3775 693 3862 circumplecti
717 3797 799 3841 cam
822 3785 939 3865 atque
965 3778 1129 3858 ambire,
1159 3776 1232 3840 sed
1260 3777 1388 3841 etiam
1415 3775 1540 3839 inlabi
1568 3774 1604 3838 ei
1634 3779 1675 3838 et
1697 3774 1810 3837 velut
1838 3775 2071 3862 incorporea

368 3880 572 3965 3000rpori
589 3880 715 3966 possit
738 3881 907 3947 Infundi.
946 3882 1044 3948 licet
1067 3881 1168 3947 enim
1192 3881 1503 3967 pronuntiemus,
1527 3877 1737 3942 nonnullas
1761 3877 1959 3964 spiritales
1984 3903 2070 3948 esse

522 4154 598 4208 1Ps.
617 4154 744 4220 XXXIII,
764 4157 804 4210 16,
891 4157 959 4213 21.
972 4158 995 4223 Ι,
1012 4159 1055 4214 20.
1102 4159 1170 4214 Gen.
1183 4156 1258 4222 VIII,
1276 4157 1317 4211 21.
1405 4154 1474 4209 31s.
1487 4153 1582 4219 LXVI,
1601 4154 1626 4208 2.
1645 4155 1668 4208 1.
1757 4155 1790 4210 12
1808 4156 1842 4210 cf.
1856 4155 1951 4210 Fausti
1970 4173 2014 4226 ep.
2031 4155 2067 4210 ad

418 4240 562 4308 Graecum,
582 4258 666 4310 supra
683 4260 710 4312 p.
723 4243 782 4307 286,
802 4242 820 4298 l.
832 4244 857 4298 3.
942 4245 983 4299 24.
997 4246 1039 4299 26.
1058 4244 1221 4313 Hieronymi
1240 4260 1337 4298 comm.
1355 4242 1386 4296 iu
1404 4242 1454 4296 lob
1466 4243 1501 4296 25
1519 4240 1633 4311 (Mignc,
1651 4241 1755 4295 Patr-ol.
1773 4241 1823 4295 lat.
1841 4242 1940 4306 XXVI,
1959 4261 1985 4312 p.
1999 4243 2069 4311 127).

419 4327 453 4380 29
472 4325 596 4381 Cassiani
615 4327 708 4383 collat.
721 4329 782 4394 VII,
802 4331 835 4384 13
854 4329 967 4401 (Migue,
987 4331 1090 4386 Patrol.
1110 4332 1158 4386 lat.
1179 4329 1275 4394 XLIX,
1294 4349 1320 4400 p.
1334 4331 1405 4398 683).

522 4484 535 4537 1
555 4487 678 4540 discribas
697 4484 723 4538 G
834 4487 852 4542 5
869 4486 926 4557 pro]
945 4502 964 4556 p
985 4485 1011 4540 G
1122 4487 1300 4556 bnemiuars]
1320 4485 1354 4552 G,
1377 4487 1499 4554 apamia
1515 4485 1666 4549 Morumrm,
1688 4495 1714 4538 et
1730 4485 1793 4538 adol.
1814 4487 1933 4539 Cbaisiao
2010 4505 2069 4539 con·

417 4573 512 4640 pollere
532 4569 558 4625 G
679 4572 694 4625 7
712 4575 815 4642 dispicit
833 4572 860 4628 G
939 4572 978 4643 ut]
996 4583 1023 4628 at
1041 4571 1068 4627 G
1182 4574 1198 4628 9
1216 4577 1351 4640 sententia,
1374 4592 1428 4626 ras.
1445 4574 1548 4640 viryula
1568 4569 1593 4624 G
1674 4571 1781 4641 ulutatu]
1802 4574 1929 4639 umatus,
1952 4581 2025 4626 muta
2043 4571 2069 4625 G

419 4659 451 4710 11
470 4677 599 4713 sermones
618 4656 645 4711 G
768 4659 800 4712 14
818 4679 835 4712 a
852 4664 934 4715 verbio
956 4663 1084 4732 praecipis
1102 4672 1131 4716 ut
1148 4665 1316 4732 respondeam
1334 4663 1431 4714 codices
1451 4661 1592 4713 Claudiani
1610 4661 1744 4725 Mamerti,
1768 4663 1840 4713 euius
1863 4663 1935 4729 operi
1952 4661 1984 4712 dc
2001 4671 2069 4713 statu

419 4746 522 4799 amimae
540 4748 602 4800 daec
619 4750 728 4815 ορίειιιία
741 4752 865 4818 praefata
882 4759 926 4815 cst,
943 4751 1076 4816 ineptam,
1092 4768 1155 4816 quos
1171 4750 1238 4802 inter
1256 4768 1282 4802 m
1294 4750 1474 4802 mentientes
1486 4749 1526 4799 vel
1533 4749 1671 4814 plerosque
1682 4745 1767 4798 littera
1779 4749 1813 4798 M
1821 4748 1934 4799 dictaei.
1962 4747 2068 4799 Lemma

411 4834 518 4900 sanant:
545 4836 650 4886 HUIUS
671 4835 792 4886 OPERIS
809 4836 947 4888 AUCTOR
964 4837 1172 4901 IGNORATUR,
1194 4837 1278 4900 QUIA
1296 4837 1423 4888 TAclTO
1442 4835 1574 4886 NOMINE
1592 4835 1670 4884 ISTA
1687 4834 1913 4900 CONSCRIPSIT,
1931 4835 2069 4886 CONTRA

417 4922 511 4984 QUAE
528 4922 748 4972 CLAUDIANUS
765 4923 851 4973 TRES
869 4925 936 4975 HOS
954 4925 1074 4975 LIBROS
1092 4925 1278 4975 DissERUIT.
1306 4923 1454 4989 Epistulam
1472 4922 1499 4972 ia
1516 4921 1584 4971 duos
1599 4929 1687 4986 parter
1710 4921 1817 4972 diuisam
1839 4921 1989 4972 Gmaodius
2006 4937 2068 4986 quo-

416 5023 463 5072 que
482 5007 549 5074 Icyit,
566 5009 600 5074 cs.
618 5024 699 5074 aspra
714 5026 742 5073 p.
757 5011 813 5072 292,
831 5009 877 5059 te
894 5009 957 5061 aaa.
1028 5011 1161 5080 precepisq
1182 5007 1208 5061 G
1313 5008 1346 5061 15
1363 5005 1405 5075 ad]
1426 5007 1558 5074 creptam
1576 5006 1652 5057 tata
1672 5024 1760 5058 ocrem
1776 5008 1805 5058 im
1822 5025 1870 5073 ary.
1889 5005 1970 5057 aad:
1985 5007 2069 5058 uenti·

416 5094 511 5145 latione
530 5095 607 5146 buius
625 5095 765 5160 questionis
783 5096 886 5147 minime
901 5092 943 5147 θ’
997 5093 1059 5163 ιιοιι]
1072 5113 1119 5146 om,
1132 5095 1167 5146 M
1177 5094 1291 5162 (praeta
1304 5093 1387 5160 Lipal
1442 5089 1569 5145 seusosG
1656 5091 1689 5143 16
1706 5109 1820 5159 promam
1835 5089 1861 5142 G
1913 5093 2025 5146 arrimam
2037 5091 2073 5143 M

418 5177 449 5231 17
473 5181 570 5233 nutrire
593 5181 626 5232 ad
643 5182 719 5233 tidem
736 5181 770 5232 M
846 5181 990 5249 possentG
1111 5183 1144 5236 18
1166 5181 1326 5253 appareatG
1412 5181 1522 5251 erigam]
1534 5183 1573 5248 M,
1594 5199 1683 5250 rogaro
1696 5179 1722 5233 G
1843 5181 1874 5233 21
1898 5182 2021 5249 quicquid
2035 5207 2068 5219 -

416 5263 507 5332 uideri]
526 5267 611 5318 atttrlit
627 5267 665 5319 Gt.
678 5265 821 5319 Mamertus
834 5266 859 5331 I,
872 5272 905 5318 10
925 5269 975 5334 (sd.
988 5269 1159 5338 Enpelbrecbt
1172 5290 1200 5337 p.
1214 5271 1258 5337 50)
1316 5266 1460 5323 materiaG
1527 5263 1812 5337 comprehensibilemG
1909 5265 2067 5320 23611066]-

416 5349 553 5420 scribatur]
574 5353 631 5404 GM
647 5353 782 5420 pesque)
879 5355 1021 5421 hyeronimi
1042 5354 1068 5409 G
1200 5355 1236 5408 24
1257 5357 1350 5426 globus
1370 5355 1404 5421 G,
1426 5357 1568 5424 globos-
1586 5356 1742 5407 arbitrantur
1763 5353 1848 5405 attulit
1871 5355 1908 5405 ot.
1925 5354 2068 5406 Mamer-tro

417 5439 441 5504 I,
460 5445 491 5492 16
510 5439 559 5504 (ed.
578 5440 747 5506 Ertyelbreclrt
760 5459 790 5507 p.
802 5439 843 5504 51)
965 5442 1000 5494 25
1017 5445 1039 5496 si
1057 5472 1090 5480 -
1109 5441 1143 5498 26
1160 5447 1335 5498 aestimandus
1352 5442 1403 5511 ast]
1421 5443 1506 5494 adalia
1525 5443 1563 5495 ot.
1576 5441 1719 5493 Mamertus
1737 5441 1761 5505 J,
1780 5445 1810 5492 12
1829 5440 1879 5507 (cd.
1897 5439 2068 5506 Empelbrecbt

410 5545 439 5592 p.
457 5526 501 5582 63)
591 5525 677 5594 etiarn]
702 5545 751 5578 ota.
769 5523 795 5577 G
916 5526 949 5580 26
974 5529 1022 5597 est]
1046 5549 1094 5582 oar.
1114 5528 1140 5583 G
1261 5530 1295 5583 28
1317 5540 1414 5584 aut-
1433 5525 1575 5594 maiestate]
1597 5547 1645 5579 om.
1666 5525 1692 5578 G
1812 5527 1846 5579 29
1869 5524 1947 5593 euim]
1970 5545 2018 5578 cer.
2037 5527 2071 5576 M

415 5612 449 5664 30
466 5615 534 5664 sicut
553 5609 579 5664 G
699 5611 732 5665 31
758 5616 881 5666 uniuersa
899 5612 925 5666 G
1045 5617 1079 5669 33
1101 5621 1239 5672 nonnullus
1258 5645 1291 5656 -
1304 5638 1333 5686 p.
1346 5623 1401 5683 296,
1420 5619 1466 5671 la
1482 5611 1664 5680 aestimandae]
1688 5615 1772 5665 attuld
1793 5615 1829 5666 ct.
1849 5613 1991 5665 Mamemus
2008 5613 2067 5680 1‚s

417 5700 467 5772 (cd.
487 5699 656 5768 Grryetbrccltt
668 5717 697 5767 p.
711 5699 763 5766 dv.
784 5699 825 5766 ll,
843 5707 875 5752 16
894 5711 928 5770 (p.
945 5702 1001 5769 139)
1077 5701 1089 5768 ΙΙ
1102 5706 1188 5758 nullas
1208 5703 1234 5758 G
1304 5722 1359 5757 esso
1378 5704 1457 5774 spirit.
1477 5701 1510 5752 M
