4634 6458
395 380 455 444 146
1014 377 1152 432 SIDONII
1170 373 1429 431 EPISTULARUM

391 548 530 634 phiticos
559 555 593 614 et
615 548 823 616 Palaestinos
851 551 1133 616 archimandritas.
1178 549 1206 613 is
1234 554 1285 614 ost
1312 549 1487 634 episcopus
1511 547 1693 628 Anticlius,
1724 548 1817 613 cuius
1847 548 1967 626 relatu,
1995 546 2050 630 qui

391 659 487 739 pater
509 653 612 734 vohis,
637 655 756 740 quique
781 655 961 740 qualesque
977 675 1035 719 ros
1058 653 1188 733 fratres,
1212 673 1277 738 qua
1296 671 1422 715 morum
1446 652 1678 736 praerogativa
1699 652 1890 737 pontificatu
1907 652 2050 716 maximo

341 759 360 820 3
393 757 491 822 ambo
518 757 717 842 fungamini,
751 757 913 822 sollicitus
943 777 1144 842 cognoscere
1173 756 1298 835 studui,
1327 753 1476 840 gaudens
1505 756 1701 840 cognovisse
1731 776 1783 822 mc
1807 755 1951 820 memini.
1997 755 2049 819 eui

394 861 480 947 patri
504 860 678 945 quondam,
708 857 862 926 videlicet
885 883 943 926 vos
967 860 1113 942 habenti,
1136 861 1192 924 vix
1215 859 1330 924 domus
1352 859 1464 923 Aaron
1488 857 1650 944 pontificis
1673 858 1796 942 antiqui
1819 843 1935 922 merito
1960 879 2048 923 com-

395 971 582 1049 pararetur;
607 986 703 1050 quem
727 966 805 1030 licet
826 967 965 1053 primum
990 969 1023 1032 in
1045 967 1154 1032 medio
1177 966 1283 1053 plebis
1308 963 1511 1030 heremitidis
1536 964 1802 1030 sanctificationis
1826 963 1899 1028 oleo
1921 963 2049 1047 legiferi
2090 978 2102 1013 ·'›

395 1068 505 1132 fratris
529 1068 647 1134 dextra
669 1069 860 1156 perfuderit,
884 1071 968 1135 filios
992 1072 1064 1136 eius
1088 1073 1120 1135 in
1146 1070 1259 1134 similis
1282 1069 1381 1133 officii
1404 1070 1517 1133 munia
1539 1090 1668 1149 vocans,
1692 1074 1802 1132 tamen
1825 1067 1929 1153 ipsius
1952 1087 2051 1152 super

394 1169 560 1236 Ithamare
586 1179 619 1237 et
634 1171 793 1237 Eleazaro
815 1173 1009 1240 felicitatem
1025 1174 1141 1239 Nadab
1160 1181 1194 1239 et
1209 1173 1298 1239 Abiu
1314 1174 1507 1238 fulminibus
1523 1174 1624 1239 afflati
1641 1173 1890 1246 decoloravere3
1913 1191 2049 1256 quorum

393 1273 574 1359 quamlibet
598 1275 869 1362 interemptorum
900 1279 1072 1344 credamus
1102 1277 1321 1343 absolvendas
1350 1279 1493 1352 animas,
1525 1278 1657 1362 punitae
1688 1282 1798 1340 tamen
1825 1276 1945 1339 seimus
1976 1294 2050 1338 csse

342 1381 360 1440 4
394 1398 562 1462 personas.
607 1401 666 1443 vos
688 1401 768 1445 vero
798 1383 917 1447 tacturi
946 1383 1098 1469 paginam
1123 1382 1235 1447 altaris
1258 1381 1354 1460 nihil,
1386 1387 1423 1445 ut
1445 1380 1559 1458 audio,
1590 1381 1716 1445 offertis
1739 1380 1825 1465 ignis
1849 1377 1962 1458 alieni,
1992 1376 2051 1442 aed

393 1482 626 1548 comitantibus
649 1485 790 1550 victimis
820 1488 964 1552 caritatis
988 1486 1213 1570 castitatisque
1241 1485 1535 1569 fragrantissimum
1560 1483 1730 1548 incensum
1758 1481 1911 1546 turibulis
1943 1480 2050 1545 cordis
2078 1495 2103 1532 1⁰

393 1584 545 1650 adoletis.
590 1586 631 1650 ad
661 1587 721 1652 hoc
753 1590 904 1673 quotiens
932 1592 1057 1676 iugum·
1075 1591 1159 1675 legis
1188 1590 1368 1654 cervicibus
1395 1587 1642 1674 superbientum
1674 1608 1734 1672 per
1762 1587 1892 1651 vincula
1922 1585 2050 1674 praedi·

394 1689 529 1752 cationis
564 1690 783 1775 adstringitis,
823 1700 900 1758 tuuc
935 1693 997 1759 deo
1031 1701 1142 1758 muros
1178 1693 1370 1778 spiritaliter
1402 1692 1589 1756 immolatis.
1645 1691 1794 1777 quotiens
1829 1689 2051 1756 conscientiae

394 1778 590 1858 lur'ruriantis
619 1794 725 1860 fetore
757 1796 901 1881 pollutos
925 1797 966 1862 ad
990 1798 1249 1863 suaveolentiam
1272 1796 1449 1882 pudicitiae
1473 1796 1614 1860 stimulis
1638 1794 1849 1860 correctionis
1872 1793 2051 1879 impellitis,

343 1899 362 1955 t
394 1894 559 1961 hircorum
584 1919 642 1962 vos
667 1898 827 1964 obtulisse
851 1900 1059 1966 vinulentiam
1078 1900 1229 1965 Christus
1253 1900 1315 1964 sibi
1339 1906 1516 1984 computat.
1554 1900 1707 1984 quotiens
1731 1896 1937 1962 hortantibus
1957 1896 2051 1961 vobis

397 1998 429 2062 in
458 2020 664 2087 quocumque
694 2011 878 2088 conpuncto
906 2005 1021 2092 culpas
1048 2026 1124 2070 suas
1153 2005 1261 2069 anima
1289 2005 1473 2090 poenaliter
1502 2003 1675 2068 recordata
1701 2003 1860 2087 suspirat,
1890 2001 1963 2087 quis
1991 2022 2050 2066 ros
2080 2013 2104 2052 ¹⁵

396 2103 543 2188 ambigat
566 2105 659 2189 paria
681 2112 843 2170 turturum
868 2114 925 2172 aut
948 2108 1042 2174 binos
1059 2110 1168 2194 pullos
1186 2109 1422 2186 columbarum,
1447 2108 1500 2192 qui
1518 2107 1682 2193 duplicem
1699 2105 1916 2171 substantiam
1931 2105 2051 2169 utrius-

395 2227 458 2292 que
490 2207 632 2273 hominis
660 2211 762 2274 nostri
794 2217 860 2274 tam
890 2233 1025 2277 numero
1059 2233 1157 2298 quam
1186 2213 1310 2297 gemitu
1342 2212 1526 2297 assignant,
1561 2211 1699 2296 mystico
1728 2209 1843 2274 litasse
1872 2207 2053 2272 sacrificio?

396 2311 548 2395 quotiens
565 2319 674 2376 vestro
696 2314 823 2377 monitu
839 2314 975 2379 obesum
991 2316 1188 2401 quicumque
1206 2336 1324 2401 corpus
1340 2321 1612 2399 aestuantemque
1629 2311 1749 2397 turgidi
1767 2313 1889 2376 ventris
1905 2312 2051 2376 arvinam

396 2414 512 2479 crebro
545 2415 740 2480 ieiuniorum
773 2416 1003 2502 decoquendus
1037 2420 1112 2504 igne
1146 2421 1315 2500 tormerit,
1349 2419 1432 2484 nulli
1462 2418 1596 2484 dubium
1627 2424 1678 2482 est
1705 2438 1762 2480 ros
1793 2423 1870 2481 tunc
1903 2417 2053 2481 simulam

344 2520 363 2580 6
396 2517 524 2582 frictam
559 2519 591 2612 in
626 2520 767 2603 quadam
802 2523 1025 2588 continentiae
1060 2524 1227 2609 sartagine
1262 2530 1523 2590 consecraturos.
1575 2521 1727 2607 quotiens
1761 2520 1904 2606 aliquem
1934 2519 2053 2584 mantis
2080 2531 2106 2570 2⁰

395 2620 541 2707 perfidae
565 2621 722 2706 figmenta
744 2633 920 2708 ponentem
945 2647 1058 2690 sanam
1083 2627 1285 2713 respondere
1309 2627 1491 2692 doctrinam
1521 2626 1619 2690 fidem
1650 2624 1797 2702 credere,
1827 2625 1914 2688 viam
1937 2630 2052 2688 tencre

396 2726 493 2789 vitam
524 2746 657 2812 sperare
687 2727 849 2802 suadetis,
881 2729 952 2813 quis
976 2751 1034 2794 vos
1066 2729 1195 2795 dubitet
1218 2732 1248 2794 in
1273 2730 1370 2795 huius
1394 2730 1626 2796 emendatione
1650 2729 1816 2808 conversi,
1846 2728 1901 2812 qui
1922 2727 1988 2791 iam
2011 2727 2054 2790 sit

396 2829 481 2893 liber
507 2828 548 2896 ab
578 2830 723 2908 haeresi,
753 2831 837 2896 liber
861 2833 901 2898 ah
926 2835 1106 2920 hypocrisi,
1137 2835 1222 2900 liber
1244 2835 1285 2900 ab
1310 2835 1504 2914 schismate,
1532 2833 1798 2920 purgatissimum
1822 2831 2053 2918 propositionis

345 2934 363 2994 7
396 2952 514 3017 panem
539 2954 613 2998 cum
636 2934 836 3000 sinceritatis
859 2943 892 3000 et
914 2938 1062 3002 veritatis
1085 2939 1208 3024 azymis
1231 2938 1462 3004 dedicaturos?
1508 2944 1675 3024 postremo
1700 2938 1771 3022 quis
1795 2936 1931 3016 neseiat,
1962 2935 2052 3019 quic-

396 3036 472 3120 quid
496 3037 580 3122 legis
603 3037 721 3103 dicbus
744 3039 925 3124 figuraliter
949 3041 1180 3108 immolabatur
1201 3042 1234 3106 in
1258 3042 1460 3128 corporibus,
1483 3041 1569 3127 quod
1593 3047 1696 3106 totum
1713 3041 1745 3105 id
1761 3041 1887 3126 gratiae
1904 3045 2052 3124 tempore
2080 3050 2106 3090 ²⁵

395 3140 568 3205 manifeste
599 3163 658 3206 ros
692 3142 838 3208 offeratis
873 3145 907 3209 in
940 3145 1107 3210 moribus?
1158 3152 1256 3231 atque
1292 3145 1367 3211 ideo
1404 3147 1526 3232 gratias
1560 3146 1680 3210 uberes
1714 3144 1777 3209 deo
1811 3143 1933 3225 refero,
1967 3141 2054 3227 quod

396 3244 573 3309 secundum
595 3252 727 3311 vestrae
757 3249 897 3334 paginae
929 3249 1121 3335 qualitatem
1149 3249 1245 3314 facile
1275 3270 1417 3336 agnosco
1448 3250 1629 3314 antistitem
1659 3248 1860 3335 suprafatum
1886 3247 1926 3311 de
1950 3245 2053 3324 vobis,

396 3369 467 3412 cum
493 3370 612 3435 magna
635 3349 767 3432 dixerit,
792 3353 916 3417 maiora
939 3353 1091 3419 tacuisse.
1130 3361 1331 3441 quapropter
1353 3374 1449 3417 nemo
1474 3353 1683 3433 dubitaverit,
1708 3353 1762 3438 qui
1785 3352 1890 3416 bonus
1906 3371 1953 3430 es,
1979 3370 2052 3413 cum

344 3452 362 3513 8
397 3450 560 3526 iudicaris,
585 3459 618 3517 et
641 3455 765 3536 melior,
797 3476 870 3520 curn
894 3457 1029 3542 legeris,
1060 3479 1133 3523 esse
1158 3465 1191 3522 te
1214 3459 1384 3544 optimum,
1415 3479 1488 3522 cum
1512 3458 1644 3522 videris.
1690 3455 1877 3540 Megethius
1903 3452 2051 3531 clericus,

500 3745 514 3796 1
531 3748 553 3798 is
565 3755 604 3800 set
615 3749 699 3815 adpo,
717 3751 739 3802 ia
751 3758 776 3802 et
787 3748 949 3814 LMTOFP,
966 3767 1003 3802 aa
1015 3751 1132 3803 scilicet?
1182 3753 1303 3804 antiolius
1322 3751 1351 3816 (n
1363 3753 1391 3803 in
1403 3769 1456 3806 ras.
1467 3751 1501 3802 Μ
1505 3751 1525 3818 ¹)
1536 3750 1575 3814 Μ,
1591 3751 1704 3802 anticius
1714 3747 1838 3801 MUFP
1920 3745 1937 3799 3
1949 3745 2053 3798 memini

395 3866 423 3917 ia
445 3885 499 3918 ras.
518 3867 552 3918 M
555 3868 563 3898 ¹
703 3867 721 3919 4
744 3871 841 3922 abaron
859 3871 884 3922 L
1017 3869 1034 3922 li
1058 3873 1163 3924 dextera
1180 3873 1209 3923 F
1304 3887 1355 3939 sup
1378 3891 1445 3926 corr.
1463 3891 1494 3926 sc
1516 3874 1565 3925 sub
1583 3873 1615 3922 M
1621 3873 1628 3904 ¹
1668 3941 1671 3948 Δ
1765 3868 1781 3921 7
1806 3872 1930 3924 Ithamare
1952 3868 2052 3934 scripsi,

394 3987 505 4040 ithamar
522 3988 677 4041 LMYOFP
778 3993 936 4045 elsazoroG
1031 3994 1111 4045 abiud
1131 3992 1180 4044 CF
1274 3991 1415 4058 flmininib3
1438 4012 1505 4044 corr.
1528 4011 1559 4045 aa
1581 3993 1707 4057 duminih;
1726 3993 1768 4043 F²
1905 3987 2051 4042 stauriu-

394 4119 478 4160 torum
495 4110 529 4174 J,
551 4112 746 4178 interpretatum
766 4113 822 4181 (pre
840 4132 907 4166 corr.
925 4115 954 4165 in
973 4117 1019 4196 pri
1031 4113 1084 4179 F¹)
1097 4113 1126 4164 F
1212 4117 1315 4182 punitas
1335 4069 1400 4179 (nita
1417 4115 1445 4166 ia
1462 4132 1515 4166 rur.
1536 4118 1553 4166 8
1572 4116 1617 4184 lin,
1631 4115 1665 4164 Μ
1670 4114 1688 4178 Ι)
1702 4113 1735 4162 Μ
1857 4112 1874 4162 9
1891 4111 2004 4166 tactuml
2022 4110 2054 4174 L,

394 4231 497 4282 tacituri
515 4228 608 4297 (prior.
628 4233 636 4282 i
654 4250 721 4284 eras.
742 4235 789 4299 0²)
810 4236 833 4286 0
905 4236 984 4287 nichil
1003 4235 1036 4284 Μ
1040 4235 1133 4310 YGFI’
1249 4233 1283 4287 10
1304 4236 1510 4288 comitatibusL
1592 4235 1822 4304 fragrantissimum
1839 4235 1923 4299 scalpo,
1945 4234 2054 4298 lingnu-

395 4352 523 4403 tisaimum
535 4352 691 4404 LMTOFP
758 4357 785 4406 in
803 4363 863 4408 unte
880 4355 1040 4408 turibulisP
1054 4365 1079 4408 st
1096 4374 1115 4408 s.
1133 4359 1149 4408 i.
1169 4357 1231 4409 add.
1246 4357 1293 4406 Μ’
1370 4357 1509 4408 thuribulis
1526 4356 1554 4420 T,
1571 4356 1705 4408 turribulis
1718 4355 1746 4406 F
1858 4352 1888 4404 ll
1908 4351 2054 4434 dolentisfs

397 4429 498 4539 quotide
517 4473 550 4526 Μ
556 4475 574 4538 ¹,
600 4477 701 4542 quoties
719 4475 799 4527 LYF
898 4479 1043 4530 cervicibus
1067 4479 1271 4547 superbientium
1289 4477 1399 4543 MOFP,
1425 4479 1534 4531 cervitiri
1558 4477 1587 4544 (h
1612 4495 1680 4530 corr.
1702 4478 1730 4528 in
1754 4469 1778 4528 b'
1796 4473 1844 4539 Τί)
1868 4465 2053 4542 superbientib'
2110 4529 2111 4532 ,

395 4589 510 4660 (b'ccrr.
528 4598 557 4648 in
575 4603 592 4649 u
611 4597 658 4665 T')
677 4598 702 4648 Τ
804 4597 837 4650 12
853 4601 995 4668 astringitis
1013 4599 1124 4668 MTOP,
1142 4600 1265 4668 asmingia
1280 4599 1309 4652 F
1374 4600 1541 4667 spiritualiter
1555 4599 1603 4650 OF
1669 4555 1770 4665 quotide
1787 4597 1819 4646 M
1824 4597 1843 4662 ¹,
1860 4597 1961 4663 quoties
1978 4593 2058 4646 LTF

397 4715 430 4768 13
448 4721 543 4771 faetore
561 4719 586 4770 L
665 4720 777 4788 pollutos
795 4718 872 4787 (Ῑιοιι.
889 4738 905 4772 o
922 4722 951 4773 ia
968 4739 1021 4772 ros.
1041 4721 1075 4771 M
1079 4723 1100 4788 ¹)
1119 4723 1152 4773 Μ
1227 4723 1369 4790 pudiciciae
1388 4722 1438 4774 OF
1512 4717 1724 4773 correctionesL
1841 4716 1873 4769 14
1890 4715 2055 4784 optulisseh

395 4797 495 4906 quotide
510 4840 565 4906 Μ’,
582 4843 682 4908 quoties
695 4841 774 4893 LTF
841 4843 914 4895 vobis
932 4859 951 4893 s.
971 4844 988 4895 l.
1007 4843 1070 4894 add.
1083 4842 1117 4892 M
1120 4842 1128 4874 ¹
1235 4839 1560 4909 recompensatum
1628 4841 1769 4908 poenaliter
1787 4838 1922 4904 LMwP,
1939 4839 2053 4890 hcrima·
2088 4889 2089 4894 ,

395 4961 453 5012 liter
471 4961 500 5012 F
620 4961 652 5015 16
678 4964 823 5032 dupplicem
850 4965 1023 5017 substanciam
1042 4963 1071 5015 F
1192 4961 1222 5014 11
1242 4916 1358 5016 1hominis
1379 4910 1519 5030 htriusque
1542 4963 1621 5014 nostri
1650 4970 1749 5043 transp.
1767 4962 1813 5024 T¹,
1839 4961 1950 5012 hominis
1973 4960 2053 5012 nostri

396 5083 569 5151 utriusqueO
635 5087 663 5136 αἱ
680 5103 700 5137 a.
714 5087 808 5139 ludat
821 5086 866 5137 Μι
937 5087 1080 5155 assignavit
1098 5087 1147 5149 (vit
1164 5085 1272 5137 cornia
1289 5083 1383 5149 ntF¹)
1397 5084 1426 5135 F
1490 5085 1590 5136 mistico
1603 5083 1733 5136 MTOFP
1835 5079 1868 5133 18
1886 5037 1986 5148 quotide
1999 5081 2031 5130 Μ
2036 5081 2055 5145 ¹,

395 5206 495 5270 quoties
513 5205 568 5256 tn
636 5208 732 5260 monito
750 5208 775 5258 L
849 5209 952 5261 turbido
970 5207 999 5260 F
1108 5206 1141 5258 19
1158 5207 1361 5274 dequoquendus
1379 5206 1404 5257 L
1477 5215 1541 5260 tunc
1558 5221 1605 5258 voe
1628 5205 1653 5255 Τ
1722 5205 1832 5256 similam
1850 5205 1950 5256 frictam
1969 5203 2054 5268 ΜΤΟ,

395 5325 407 5377 1
427 5328 494 5378 frixa
512 5327 575 5378 add.
593 5344 613 5378 a.
633 5328 650 5379 l.
670 5327 703 5377 M
709 5329 727 5394 ¹,
746 5330 856 5381 similam
875 5332 968 5382 frixam
986 5331 1038 5382 FP
1139 5327 1174 5381 20
1191 5329 1353 5382 continencia
1368 5327 1398 5379 F
1463 5283 1564 5395 quotide
1576 5326 1633 5391 M¹,
1650 5327 1751 5393 quoties
1763 5325 1844 5377 LTF
1943 5321 1979 5376 22
1995 5331 2055 5376 uate

396 5449 509 5500 suadetis
527 5449 637 5500 atenim
655 5451 912 5503 sanemarium*
1007 5449 1042 5502 2⁴3
1059 5451 1170 5518 ypocrisi
1183 5449 1242 5515 LF,
1259 5451 1406 5519 hypocbrisi
1420 5449 1458 5515 Μ,
1476 5447 1615 5516 ipocrisiO
1671 5445 1729 5499 aT
1785 5448 1903 5498 scismate
1915 5445 2054 5510 LMTFP,

395 5569 542 5621 scemateO
647 5566 682 5619 24
699 5571 788 5622 animis
800 5570 955 5625 LMTUFP
1029 5580 1170 5641 postremos
1187 5569 1263 5636 (post
1282 5588 1295 5622 a
1312 5587 1378 5626 eras.
1392 5569 1481 5635 L¹)L
1551 5567 1666 5637 qdqu
1766 5565 1800 5620 Pi)
1817 5570 1843 5620 in
1862 5587 1882 5620 s.
1901 5570 1918 5620 l.
1931 5567 1994 5619 add.
2006 5567 2039 5617 Μ
2046 5567 2053 5599 ¹

396 5687 431 5745 26
448 5698 534 5758 gratos
554 5689 646 5741 uberes
665 5689 767 5754 (iuberes
784 5692 811 5743 in
829 5711 883 5746 rus.
902 5694 962 5760 Μ’)
981 5695 1014 5745 Μ
1115 5691 1150 5745 29
1167 5701 1193 5745 te
1210 5709 1266 5744 csse
1288 5692 1382 5745 TCFP
1397 5700 1420 5743 et
1437 5692 1464 5742 in
1482 5707 1535 5743 ras.
1554 5689 1588 5740 Μ
1592 5690 1600 5721 ¹
