4634 6458
1058 404 1195 462 SIDONII
1213 399 1411 457 CARMINUM

772 581 928 646 currebat
949 581 1067 647 fluvius
1090 579 1240 646 residens
1265 585 1299 644 et
1321 575 1513 642 harundinis
1538 576 1626 640 altae

771 687 924 750 concolor
947 686 981 750 in
1005 683 1100 750 viridi
1124 685 1275 749 fluitabat
1298 683 1381 747 silva
1403 682 1531 768 capillo.

703 803 740 840 ³¹³5·
772 788 830 853 dat
853 789 994 855 sonitum
1019 797 1130 853 mento
1153 788 1242 855 unda
1266 787 1395 868 cadens,
1418 788 1497 850 licet
1520 784 1650 871 hispida
1673 785 1775 848 saetis

773 893 951 980 suppositis
975 894 1113 957 multum
1138 892 1271 957 sedaret
1293 891 1396 956 barba
1419 889 1593 974 fragorem.
1703 947 1715 966 χ

771 1003 905 1084 pectore
930 997 1079 1061 ructabat
1101 997 1216 1061 latices
1239 997 1400 1082 lapsuque
1424 996 1524 1059 citato

758 1085 922 1166 sulcabat
944 1099 1108 1164 madidam
1131 1099 1195 1164 iam
1219 1106 1348 1164 torrens
1372 1100 1484 1164 alveus
1507 1100 1625 1163 alvum.

771 1211 913 1270 terretur
935 1205 1089 1270 veniente
1113 1202 1176 1269 dea
1198 1205 1414 1288 manibusque
1437 1203 1587 1268 remissis

703 1349 708 1360 ·
775 1331 884 1374 remus
908 1315 942 1374 et
964 1329 1046 1373 urna
1069 1309 1200 1375 cadunt.
1246 1310 1361 1373 reniae
1385 1314 1453 1372 tum
1477 1308 1579 1372 verba
1601 1307 1728 1392 paranti

771 1415 828 1478 illa
851 1414 953 1500 prior:
979 1415 1085 1480 ‘venio
1110 1414 1276 1480 viduatam
1299 1414 1450 1498 praesule
1473 1419 1587 1477 nostro

771 1540 831 1604 per
854 1526 897 1598 te,
923 1518 949 1582 si
974 1519 1114 1604 placeat,
1138 1519 1280 1583 lacrimis
1305 1519 1471 1583 inflectere
1495 1516 1648 1581 Romam:

772 1627 909 1708 expetat
932 1621 1083 1687 Aurorae
1107 1630 1218 1707 partes
1242 1623 1395 1707 fastuque
1419 1628 1544 1687 remoto

774 1726 835 1791 hoc
857 1747 958 1791 unum
982 1732 1138 1812 praestet,
1162 1729 1226 1791 iam
1249 1727 1323 1813 plus
1346 1726 1501 1812 dignetur
1523 1727 1636 1791 amari.

702 1846 740 1882 ·⁵
774 1831 898 1894 instrue
922 1851 1002 1916 quas
1027 1839 1164 1916 quaerat
1186 1832 1273 1895 vires
1297 1830 1432 1916 orbique
1457 1831 1577 1896 iacenti

772 1955 835 2020 quo
859 1940 974 2019 poscat
996 1933 1047 1999 dic
1071 1934 1150 2000 orbe
1175 1942 1283 2021 caput.
1323 1955 1560 2020 quemcumque
1582 1933 1705 1999 creavit

772 2061 834 2104 axe
858 2060 932 2104 meo
956 2043 1081 2118 natum,
1104 2039 1278 2118 confestim
1302 2039 1400 2124 fregit
1422 2039 1456 2102 in
1479 2039 1534 2102 illo

772 2143 900 2228 imperii
925 2143 1057 2208 fortuna
1079 2149 1176 2208 rotas.
1223 2143 1298 2206 binc
1314 2141 1484 2207 Vandalus
1507 2143 1612 2207 hostis

775 2252 873 2331 urget
895 2253 929 2312 ct
952 2247 985 2312 in
1008 2253 1155 2311 nostrum
1180 2267 1354 2312 numerosa
1377 2248 1483 2311 classe
1508 2246 1681 2331 quotannis

702 2364 726 2401 ὠ
750 2367 751 2370 ’
772 2350 892 2414 militat
916 2350 1090 2430 excidium,
1114 2371 1337 2435 conversoque
1362 2349 1474 2414 ordine
1497 2350 1556 2413 fati

772 2451 894 2516 torrida
918 2451 1106 2518 Caucaseos
1128 2453 1228 2518 infert
1251 2454 1329 2518 mihi
1353 2453 1461 2540 Byrsa
1482 2453 1619 2518 furores.

770 2562 944 2643 praeterea
967 2558 1107 2621 invictus
1131 2557 1285 2637 Ricimer‚
1310 2579 1406 2642 quem
1430 2558 1562 2643 publica
1584 2556 1653 2621 fata

770 2660 962 2746 respiciunt,
986 2662 1118 2747 proprio
1143 2664 1232 2727 solus
1256 2663 1312 2726 vix
1334 2661 1440 2726 Marte
1464 2661 1596 2747 repellit

772 2765 909 2849 piratam
932 2787 992 2852 per
1016 2787 1091 2830 rura
1115 2788 1243 2851 vagum,
1267 2768 1322 2851 qui
1345 2767 1470 2852 proelia
1491 2767 1599 2831 vitans

773 2869 928 2934 victorem
953 2870 1111 2954 fugitivus
1135 2871 1211 2955 agit.
1257 2871 1330 2955 quis
1353 2870 1496 2934 sufferat-
1513 2870 1652 2944 hostem,

772 2973 827 3058 qui
848 2995 965 3058 pacem
986 2994 1196 3059 pugnamque
1221 2980 1340 3060 negat?
1375 2995 1450 3062 nam
1473 2974 1608 3039 foedera
1630 2973 1720 3037 nulla

772 3099 844 3142 cum
869 3078 1033 3143 Ricimere
1058 3079 1144 3143 iacit.
1192 3101 1289 3164 quern
1313 3101 1370 3144 cur
1393 3079 1489 3142 nimis
1513 3077 1620 3142 oderit
1644 3076 1731 3141 audi.

771 3181 933 3246 incertum
957 3189 1070 3268 crepat
1092 3184 1148 3247 ille
1171 3191 1310 3270 patrem,
1334 3204 1407 3248 cum
1431 3203 1528 3247 serva
1553 3183 1595 3246 sit
1618 3182 1665 3246 illi

773 3293 864 3352 certa
886 3307 1026 3372 parens;
1049 3308 1135 3352 nune
1158 3295 1195 3352 ut
1218 3290 1307 3372 regis
1332 3287 1493 3363 ciiiilius,
1518 3285 1613 3351 effert

720 3405 726 3440 ἱ
773 3392 886 3455 matris
910 3389 1116 3456 adulterium.
1163 3400 1231 3457 tum
1253 3391 1343 3473 livet,
1367 3391 1454 3478 quod
1476 3391 1677 3455 Ricimerem

769 3496 801 3558 in
824 3516 960 3580 regnum
986 3495 1049 3566 duo
1075 3517 1177 3580 regna
1200 3503 1335 3573 vocant;
1359 3518 1434 3560 nam
1458 3503 1551 3580 patre
1576 3493 1716 3566 Suebus,

771 3620 790 3662 a
813 3599 982 3684 genetrice
1006 3597 1121 3683 Getes.
1168 3601 1264 3664 simul
1287 3607 1320 3665 et
1343 3601 1564 3676 reminiscitur
1586 3597 1676 3679 illud,

772 3703 856 3788 quod
881 3701 1082 3768 Tartesiacis
1107 3724 1187 3768 avua
1211 3704 1307 3768 huius
1324 3704 1435 3769 Vallia
1457 3705 1553 3769 terris

770 3805 967 3871 Vandalicas
990 3814 1114 3872 turmas
1138 3814 1171 3872 et
1193 3808 1296 3872 iuncti
1319 3807 1435 3876 Martis
1458 3807 1606 3871 Halanos

721 3925 739 3962 '⁵
771 3911 888 3974 stravit
910 3917 945 3975 et
967 3910 1136 3980 occiduam
1161 3919 1275 3978 tenere
1299 3911 1460 3976 cadavera
1484 3908 1620 3996 Calpen.
1694 3909 1699 3919 '

771 4013 849 4098 quid
871 4021 1001 4084 veteres
1024 4036 1158 4080 narrare
1183 4016 1289 4100 fugas,
1313 4015 1390 4100 quid
1413 4016 1533 4080 damna
1556 4015 1722 4100 priorum?

771 4115 981 4202 Agrigentini
1004 4120 1121 4184 recolit
1144 4119 1318 4205 dispendia
1341 4121 1458 4206 campi.

770 4220 846 4286 inde
870 4221 957 4302 furit,
982 4222 1069 4306 quod
1094 4245 1130 4288 se
1154 4224 1265 4289 docuit
1289 4226 1368 4289 satis
1391 4225 1454 4312 iste
1477 4231 1630 4310 nepotem

770 4325 858 4389 illius
882 4345 955 4389 esse
980 4326 1050 4406 viri,
1075 4345 1138 4410 quo
1161 4328 1241 4408 viso,
1258 4328 1419 4408 Vandale‚
1444 4348 1574 4414 semper

701 4445 705 4454 ·
755 4435 865 4513 ,terga
887 4428 1001 4510 dabas.
1047 4450 1123 4494 nam
1146 4452 1210 4495 non
1235 4431 1354 4496 Siculis
1379 4432 1536 4496 illustrior
1559 4431 1646 4495 arvis

771 4541 816 4615 tu,
839 4533 1007 4615 Marcelle,
1031 4533 1130 4617 redis,
1153 4557 1213 4621 per
1237 4558 1334 4622 quern
1357 4537 1475 4602 tellure
1499 4537 1646 4621 merique
1685 4583 1691 4596 .

769 4643 883 4702 nostra
906 4635 1096 4724 Syracosios
1119 4648 1311 4726 presserunt
1334 4663 1425 4705 arma
1447 4647 1603 4726 penates;

769 4762 830 4806 nec
853 4748 899 4823 tu,
917 4741 975 4807 cui
1000 4763 1129 4808 currum
1153 4742 1243 4809 Curii
1268 4765 1433 4831 superare,
1457 4744 1603 4824 Metelle,

770 4845 917 4931 contigit,
941 4852 1110 4911 ostentans
1133 4846 1228 4912 nobis
1252 4849 1395 4914 elefanta
1418 4847 1634 4932 frequentem,

699 4961 736 5000 ³²⁵
769 4970 852 5035 grex
875 4950 969 5036 niger
991 4950 1141 5017 albentes
1165 4959 1295 5039 tegeret
1318 4974 1391 5018 cum
1415 4954 1502 5017 mole
1525 4953 1654 5037 iugales

770 5058 1003 5140 auctoremque
1027 5076 1122 5120 suurn
1146 5059 1270 5124 celaret
1293 5077 1415 5144 pompa
1437 5057 1603 5142 triumphi.

771 5158 912 5224 Noricus
937 5159 1173 5245 Ostrogothum
1196 5160 1282 5247 quod
1306 5162 1462 5243 continet,
1486 5162 1549 5226 iste
1572 5157 1720 5234 timetur;

504 5383 556 5438 333
573 5388 674 5440 altaeet
689 5387 716 5438 in
727 5404 809 5452 marg.
822 5383 834 5435 l
847 5384 932 5436 alisG
1027 5383 1079 5436 334
1097 5386 1226 5438 cumeolor
1239 5385 1264 5435 P
1365 5383 1417 5438 335
1435 5385 1534 5438 satisP
1635 5382 1686 5436 338
1703 5386 1787 5437 cluam
1802 5385 1844 5435 T·
1947 5380 1999 5434 343
2017 5402 2060 5437 ex·

401 5480 475 5538 pecta
497 5473 523 5523 P
658 5472 710 5526 348
738 5474 845 5541 imperio
870 5473 907 5523 0⁸
1012 5474 1157 5526 uuandalus
1177 5473 1225 5524 OF
1361 5471 1412 5524 349
1438 5474 1585 5540 qnotiannis
1603 5473 1631 5524 F
1765 5469 1818 5523 350
1843 5471 1979 5522 exciduum
2000 5470 2063 5523 0¹1²

400 5555 451 5608 {bil
475 5559 585 5611 furorem
607 5562 644 5612 0·
761 5559 813 5611 366
830 5561 866 5611 ait
884 5560 913 5609 F
1026 5559 1078 5611 366
1101 5562 1248 5612 ricemerem
1272 5562 1294 5612 Ο
1301 5561 1308 5591 ¹
1429 5559 1478 5612 361
1504 5577 1600 5612 suevus
1618 5559 1691 5610 codd.
1804 5555 1856 5608 362
1878 5558 1968 5624 gethes
1985 5557 2059 5609 codd.

373 5645 375 5652 '
401 5641 453 5693 363
471 5661 523 5709 quo
541 5645 570 5696 F
652 5647 796 5699 carleuiacis
817 5647 838 5697 0
922 5648 978 5698 avis
996 5647 1025 5698 If
1112 5648 1210 5699 uuallia
1230 5649 1266 5698 0¹
1396 5647 1447 5698 364
1470 5648 1636 5698 uuandalicas
1658 5643 1729 5695 erl)
1851 5641 1902 5694 366
1926 5645 2020 5711 fugans
2038 5643 2064 5694 P

400 5727 453 5780 369
465 5731 594 5784 uuandale
605 5732 678 5787 OFP
761 5731 813 5784 em
825 5735 972 5800 Syracosias
986 5735 1049 5786 lucc.
1061 5735 1185 5797 listellam
1204 5737 1340 5788 siracusios
1352 5736 1427 5787 codd.
1515 5731 1566 5784 373
1579 5733 1682 5784 urotallc
1693 5730 1717 5781 Ρ
1801 5729 1853 5782 37ss
1865 5747 2026 5798 uuromnquo
2040 5730 2064 5782 T
