4634 6458
1050 402 1188 457 SIDONII
1205 401 1404 456 CARMINUM

769 576 816 640 sic
840 595 911 657 nos,
934 597 953 640 o
977 575 1108 655 Caesar,
1131 576 1234 641 nostri
1257 597 1334 663 spes
1356 578 1502 643 maxime
1524 577 1636 654 saecli,

816 686 891 767 post
912 701 1049 766 magnos
1072 700 1224 765 proceres
1247 682 1385 765 parvula
1407 686 1481 745 turc
1503 680 1627 756 damus,

712 797 736 836 2⁵
770 782 926 848 audacter
949 783 1046 847 docto
1070 803 1180 847 coram
1195 781 1331 848 Victore
1356 789 1525 865 canentes,

816 884 1022 951 eut'Phoebi
1047 893 1104 951 aut
1126 893 1236 951 vestro
1260 887 1315 972 qui
1339 889 1425 952 solet
1447 908 1502 952 ore
1525 887 1630 972 loqui;

768 991 824 1076 qui
848 991 925 1055 licet
948 997 1084 1055 aeterna
1108 991 1151 1054 sit
1174 991 1267 1054 vobis
1291 996 1445 1075 quaestor
1468 991 1500 1054 in
1524 991 1610 1070 aulo,

816 1101 988 1159 oeternum
1011 1094 1102 1159 nobis
1127 1095 1184 1159 ille
1207 1094 1366 1180 magister
1388 1096 1460 1161 erit.
1668 1181 1671 1186 1

770 1219 849 1282 ergo
873 1198 959 1262 colat
981 1198 1092 1263 variae
1116 1204 1161 1279 te,
1184 1199 1346 1284 princeps,
1370 1197 1478 1263 hostia
1501 1198 1647 1284 linguam

713 1315 739 1352 ³⁰
818 1321 892 1364 nam
917 1321 1000 1364 nova
1023 1302 1147 1387 templa
1171 1301 1230 1364 tibi
1253 1307 1386 1388 pectore
1409 1307 1522 1366 nostra
1544 1301 1635 1366 iacis.

1207 1611 1253 1676 II.

1064 1745 1399 1815 PANIIGYRIOUS.

822 1870 985 1963 Ausrroro
1008 1901 1042 1960 et
1064 1915 1199 1961 numero
1223 1895 1343 1976 faeces,
1366 1894 1527 1980 Auguste,
1552 1895 1713 1961 secundos

771 2003 861 2088 erige
886 2006 920 2064 et
943 1998 1105 2084 effulgens
1128 1998 1286 2063 trabealis
1308 1998 1395 2063 mole
1419 2000 1544 2064 metelli

770 2124 891 2168 annum
914 2101 1023 2189 pande
1046 2122 1166 2166 novum
1190 2102 1305 2166 consul
1327 2107 1433 2182 vetus,
1457 2123 1495 2166 ac
1519 2104 1589 2168 sine
1612 2103 1701 2168 fastu

773 2211 918 2275 scribere
941 2209 992 2272 bis
1016 2208 1127 2282 fastis;
1151 2228 1347 2293 quamquam
1370 2206 1556 2273 diademate
1580 2209 1701 2272 crinem

726 2330 736 2364 ⁵
770 2313 943 2397 fastigatus
967 2333 1023 2377 eas
1046 2332 1241 2396 umerorque
1265 2333 1308 2376 ex
1332 2331 1422 2377 more
1445 2311 1589 2399 priorum

770 2416 914 2482 includat
938 2415 1082 2480 Sarrana
1106 2415 1264 2501 chlamys,
1287 2420 1320 2480 te
1343 2416 1430 2501 picta
1452 2423 1603 2500 togarum

770 2539 915 2606 purpura
937 2519 1011 2604 plus
1034 2518 1151 2604 capiat,
1174 2519 1251 2602 quia
1274 2539 1327 2583 res
1352 2525 1402 2581 est
1425 2538 1557 2604 semper
1580 2519 1621 2583 ab
1645 2539 1725 2581 novo

771 2643 844 2686 rare
866 2621 1022 2707 frequens
1047 2621 1173 2688 consul.
1219 2629 1320 2706 tuque
1343 2642 1361 2684 o
1385 2621 1436 2684 cui
1461 2622 1583 2698 laurea,
1607 2620 1697 2700 Iane,

771 2747 880 2790 annua
903 2725 1053 2802 debetur,
1078 2725 1182 2809 religa
1206 2732 1339 2811 torpore
1362 2725 1471 2789 soluto

733 2845 735 2848 ·
774 2831 887 2914 quavis
910 2828 1025 2894 fronde
1049 2849 1170 2910 comas,
1194 2829 1302 2894 subita
1323 2849 1385 2892 nec
1407 2829 1481 2892 luce
1504 2849 1663 2916 pavescas

769 2933 928 3018 principis
951 2940 1008 2996 aut
1031 2953 1140 2998 rerum
1163 2931 1277 2996 credas
1302 2932 1468 2998 elementa
1488 2932 1623 2998 moveri.

770 3036 815 3099 nil
839 3040 957 3101 natura
979 3042 1095 3100 norat:
1120 3035 1168 3099 sol
1190 3035 1244 3102 hic
1267 3056 1396 3122 quoque
1419 3036 1510 3102 venit
1532 3035 1573 3100 eb
1597 3043 1680 3103 ortu.

770 3140 823 3203 hic
848 3145 909 3220 est,
934 3162 953 3204 c
976 3161 1141 3226 proceres,
1164 3140 1261 3226 petiit
1283 3160 1381 3226 quem
1403 3139 1544 3204 Romule
1567 3141 1667 3204 virtus

771 3250 804 3309 ct
827 3265 923 3329 quem
948 3249 1056 3310 vester
1080 3265 1185 3320 amor3
1210 3244 1262 3308 cui
1285 3264 1320 3308 se
1344 3264 1405 3308 ceu
1429 3244 1515 3308 ricta
1535 3244 1687 3329 procellis

729 3363 739 3399 τ·
772 3355 870 3433 atque
895 3368 1010 3412 carens
1033 3353 1161 3413 rectore
1185 3349 1265 3413 ratis
1288 3369 1341 3412 res
1363 3346 1497 3433 publica
1519 3347 1654 3412 fractam

772 3452 889 3533 intulit,
912 3456 949 3516 ut
971 3450 1070 3537 digno
1092 3452 1209 3516 melius
1233 3451 1396 3517 flectenda
1417 3451 1588 3536 magistro,

770 3579 811 3621 ne
836 3561 1062 3642 tempestates,
1085 3576 1127 3620 ne
1151 3561 1195 3636 te,
1219 3556 1334 3642 pirata,
1358 3554 1497 3619 timeret.

772 3668 804 3726 te
827 3681 924 3747 prece
948 3660 1091 3724 ruricolc
1115 3661 1263 3746 expetiit,
1288 3665 1320 3723 te
1344 3657 1477 3724 foedere
1500 3659 1629 3724 iunctus

770 3764 924 3846 adsensu,
948 3771 981 3829 te
1006 3771 1113 3829 castra
1136 3764 1235 3840 tubis,
1258 3769 1291 3828 te
1315 3763 1405 3828 curie
1427 3762 1556 3848 plausu,

714 3885 719 3900 ·
771 3873 804 3931 te
828 3870 958 3955 punctis
981 3868 1144 3954 scripsere
1167 3866 1269 3932 tribus
1293 3866 1485 3951 collegaque
1508 3867 1599 3930 misit

769 3971 921 4036 tenebis
944 3991 1146 4058 regnumque
1170 3971 1246 4046 tibi;
1269 3969 1426 4055 suffragia
1449 3976 1498 4034 tot
1521 3975 1597 4034 sunt

774 4080 895 4160 quanto
918 4075 999 4161 legit
1021 4075 1172 4139 mundus.
1217 4075 1333 4154 fateor,
1356 4072 1590 4159 trepidavimus
1614 4092 1740 4150 omnes,

770 4201 811 4246 ne
835 4180 937 4245 vellet
960 4181 1087 4266 collega
1109 4181 1182 4266 pius
1205 4181 1397 4267 permittere
1419 4185 1495 4244 voto

771 4283 902 4370 publica
925 4289 1002 4348 vota
1024 4290 1091 4351 tuo.
1137 4283 1249 4350 credet
1271 4289 1409 4348 ventura
1431 4303 1592 4370 propago:

716 4399 740 4436 ‘⁵
773 4387 806 4450 in
829 4408 890 4452 nos
913 4392 949 4450 ut
971 4387 1107 4472 possint,
1130 4387 1296 4474 princeps,
1319 4387 1366 4453 sic
1390 4393 1507 4454 cuncta
1529 4386 1640 4467 licere,

771 4489 811 4555 de
836 4496 869 4555 te
892 4511 956 4554 noo
983 4496 1086 4556 toturn
1108 4490 1201 4555 licuit
1222 4491 1291 4556 tibi.
1336 4492 1427 4556 lacta
1445 4491 1589 4579 priorum

773 4611 964 4676 exsuperas,
986 4590 1141 4676 Auguste
1162 4592 1246 4668 Leo;
1271 4613 1347 4657 nam
1370 4614 1475 4678 regna
1495 4615 1593 4679 super
1618 4598 1682 4657 stat

773 4695 827 4780 qui
851 4715 990 4780 regnare
1014 4695 1122 4760 iubet:
1145 4697 1261 4761 melius
1285 4717 1338 4761 res
1362 4697 1493 4784 publice
1515 4702 1627 4761 vestre

773 4819 858 4862 nunc
884 4799 947 4864 erit
970 4819 1035 4863 una
1057 4799 1173 4885 magis,
1197 4821 1281 4886 quae
1305 4801 1351 4865 sic
1373 4808 1424 4866 est
1446 4801 1533 4865 sacta
1555 4800 1700 4865 duorum.

715 4919 740 4956 ³⁰
772 4905 874 4982 salve,
897 4909 1100 4989 sceptrorum
1123 4905 1283 4988 columen,
1308 4906 1422 4993 regina
1444 4904 1600 4986 Orientis,

770 5006 859 5072 orbis
882 5005 988 5072 Rome
1010 5008 1068 5088 tui,
1090 5027 1199 5073 rerum
1222 5009 1301 5074 milri
1324 5009 1468 5096 principe
1491 5007 1591 5073 misso

505 5269 540 5324 25
554 5272 656 5324 Victore
673 5268 829 5322 Simmtdua
841 5265 899 5320 Pb:
916 5275 1007 5320 „tom
1019 5267 1071 5331 P⁸,
1087 5268 1187 5320 victure
1200 5267 1239 5333 M,
1256 5269 1358 5321 doctore
1371 5266 1446 5319 OFT
1540 5265 1574 5319 27
1592 5269 1701 5334 quilibet
1713 5270 1791 5321 P⁸M
1882 5271 1917 5324 29
1934 5273 2002 5326 eolat
2014 5273 2058 5324 F·

403 5357 497 5426 Incipit
514 5357 677 5425 pinnigericus
694 5357 772 5408 mter.
790 5356 886 5408 flurin
903 5355 931 5406 in
945 5355 977 5416 05
994 5356 1222 5406 PANIGERICVS
1239 5355 1366 5406 INCIPIT
1384 5354 1421 5412 1²,-
1437 5355 1666 5407 PANIGIIRICVS
1683 5358 1710 5408 in
1727 5367 1837 5410 &tremo
1855 5377 1931 5410 cerm
1948 5377 2027 5412 cnm.
2042 5359 2062 5410 I

403 5443 440 5494 ad
456 5461 540 5509 marc.
552 5442 585 5492 M
642 5443 749 5509 explicit
766 5442 892 5510 praefacio
905 5442 999 5509 Incipit
1009 5443 1179 5509 penagericus
1192 5443 1291 5510 primus
1301 5441 1341 5501 F,·
1359 5442 1487 5492 INCIPIT
1504 5443 1743 5496 PANAGIIRICVS
1759 5445 1784 5494 Τ
1878 5445 1891 5496 1
1911 5446 2061 5499 secundoP

403 5527 420 5579 2
438 5530 508 5596 erige
525 5525 561 5594 et]
579 5528 661 5595 eriget
673 5525 764 5578 1³be
860 5524 878 5577 4
897 5528 969 5579 lestis
981 5545 1030 5579 om.
1041 5528 1072 5578 M
1133 5529 1230 5580 crimen
1244 5527 1318 5578 ΜΨ
1418 5527 1453 5578 10
1467 5529 1554 5595 quiris
1566 5529 1636 5580 MP*
1733 5529 1764 5581 ll
1784 5533 1880 5584 moveri
1898 5533 1926 5583 io
1941 5549 1995 5584 rar.
2008 5529 2058 5581 Me

403 5611 435 5665 17
459 5629 507 5665 nec
524 5614 562 5664 ln'r
575 5613 609 5662 M
681 5611 716 5680 p]
736 5632 751 5663 o
769 5614 851 5680 pirate
867 5613 892 5662 Τ
1000 5612 1035 5665 22
1058 5616 1162 5681 qnando
1174 5615 1206 5665 M
1316 5613 1351 5666 25
1367 5616 1449 5683 possit
1460 5615 1506 5666 nb
1614 5614 1649 5667 27
1668 5633 1825 5684 exsuperans
1845 5619 1880 5671 0¹
1951 5619 2003 5669 loto
2017 5617 2059 5668 ΙΝ

402 5699 438 5752 30
455 5707 600 5767 coeptorum
621 5701 660 5750 0⁸
