4612 6428
569 1861 570 1864 ψ
626 1761 1046 1911 INCIPIT
1099 1765 1415 1913 DOMN
1426 1768 1463 1910 I

430 2024 849 2172 RURICII
900 2027 1667 2176 EPISTULARUM

683 2487 685 2496 J
730 2287 982 2406 arnna
1020 2287 1360 2408 paruus

1032 2797 1059 2865 I.

181 2965 193 3004 a
397 2949 576 3015 DOMINO
596 2949 687 3016 uuo
710 2950 956 3016 PEOULIARI
979 2951 1027 3017 IN
1052 2951 1257 3034 CHRISTO,
1281 2951 1459 3019 DOMINO
1483 2949 1695 3018 PATRONO

711 3054 890 3122 FAUSTO
915 3055 1135 3122 EPISOOPO
1159 3055 1385 3123 RURIOIUS.

322 3169 417 3264 Οιιιι
437 3206 481 3280 te,
511 3199 640 3268 domine
663 3203 718 3282 mi,
742 3201 928 3268 venerande
951 3224 990 3267 ac
1012 3202 1202 3269 beatissime
1226 3203 1391 3285 sacerdos,
1420 3203 1509 3270 fama
1532 3203 1749 3271 celeberrima
1770 3226 1866 3291 prae·
1904 3210 1919 3271 1

218 3301 365 3384 dicante,
394 3306 547 3390 cognovi;
582 3306 659 3370 olim
687 3305 850 3371 desiderio
873 3306 918 3392 pii
940 3308 1060 3372 amoris
1089 3307 1212 3388 infuso,
1249 3308 1312 3374 illis
1342 3314 1375 3374 te
1403 3309 1521 3394 quibus
1552 3309 1694 3375 scribere
1724 3307 1871 3394 dignaris

218 3407 322 3470 oculis
352 3406 459 3472 cordis
490 3409 632 3486 intueor,
666 3406 725 3473 sed
753 3409 963 3476 nihilominus
995 3411 1093 3475 etiam
1124 3412 1290 3498 corporeis
1319 3412 1431 3477 videre
1461 3412 1598 3494 festino,
1629 3413 1657 3476 si
1685 3433 1749 3498 quo
1776 3412 1874 3492 modo

166 3525 192 3564 1⁰
218 3511 356 3597 possim,
392 3512 668 3578 intercedentibus
698 3513 806 3596 vobis,
841 3521 1046 3601 peccatorum
1074 3537 1221 3580 meomm
1251 3515 1382 3580 vincula
1409 3514 1628 3602 disrumpere,
1664 3515 1872 3602 acceptisque

220 3614 389 3680 columbae
414 3616 502 3680 illius
525 3617 658 3702 pennis,
687 3624 905 3682 avenantum
932 3618 1059 3704 laqueis
1087 3619 1217 3684 evolare
1244 3626 1278 3683 et
1304 3619 1472 3685 vobiscum
1499 3621 1626 3707 positus
1654 3619 1873 3684 indominica

218 3719 292 3804 lege
317 3720 532 3806 requiescere,
556 3727 592 3784 ut
615 3720 712 3801 sitim,
736 3742 833 3807 quam
855 3723 1013 3808 opuscula
1034 3729 1146 3788 vestra
1167 3722 1306 3808 legendo
1330 3723 1476 3814 cpncepi,
1500 3723 1571 3810 ipsc
1588 3743 1757 3809 praesens,
1780 3722 1868 3788 unde

219 3822 276 3886 illa
299 3831 471 3888 manarunt
493 3825 626 3890 uberius
649 3824 805 3890 hauriens
827 3813 1081 3912 restinguerem,
1109 3831 1146 3888 ut
1169 3825 1316 3890 caritatis
1339 3825 1536 3911 igniculum,
1565 3846 1663 3912 quem
1692 3825 1726 3892 in
1753 3825 1873 3911 tepidis

220 3925 347 3992 animae
372 3928 561 3994 dormientis
584 3930 704 3995 favillis
724 3929 926 3996 icruentibus
942 3967 1011 3994 m.
1027 3931 1223 4012 suscitastis,
1247 3930 1383 4017 prolatis
1398 3929 1439 3994 de
1456 3928 1623 3995 condense
1639 3929 1873 4016 scripturarum

168 4043 192 4082 ¹⁵
219 4030 360 4116 pabulis,
385 4033 483 4096 vivax
506 4033 638 4098 flamma
660 4034 840 4118 roboraret,
864 4057 948 4121 quae
972 4036 1101 4121 eloquio
1125 4035 1318 4100 sanctioris
1342 4056 1490 4116 accensa,
1520 4056 1610 4102 more
1635 4035 1699 4100 sibi
1721 4035 1817 4100 solito
1839 4034 1874 4100 in

218 4141 352 4220 pectore
382 4139 565 4223 peccatoris
594 4138 661 4203 vim
689 4123 826 4205 naturae
859 4140 1003 4226 potentis
1032 4145 1205 4205 exsereret
1234 4138 1457 4206 calefaciendo
1486 4137 1620 4224 frigida,
1652 4138 1873 4204 inluminando

220 4238 397 4306 tenebrosa
419 4247 453 4305 et
483 4242 593 4328 spinas
621 4243 789 4308 criminum
819 4243 1048 4309 consumendo.
1094 4243 1294 4326 adhaesit,
1324 4245 1435 4310 doctor
1462 4243 1600 4324 eximie,
1631 4244 1759 4308 anima
1786 4263 1876 4330 mea
1906 4245 1926 4306 2

219 4337 310 4433 post
340 4352 390 4412 te.
440 4370 493 4413 me
524 4356 633 4414 autem
667 4351 823 4416 adiuvent
851 4352 1017 4416 orationes
1053 4356 1146 4432 tuae,
1179 4357 1216 4415 ut
1244 4350 1382 4437 possim,
1416 4348 1553 4412 terrenis
1584 4345 1712 4412 actibus
1742 4347 1871 4434 spretis,

221 4450 419 4516 caelestibus
443 4450 583 4533 inhiare,
613 4455 690 4540 quia
713 4476 874 4541 eorpus,
905 4453 1004 4540 quod
1029 4457 1311 4542 corrumpitur,
1341 4456 1532 4540 aggravat
1554 4449 1734 4531 animam,
1766 4456 1803 4514 ut
1825 4450 1874 4515 in-

166 4569 193 4610 20
220 4556 343 4620 clinare
377 4577 491 4620 aurem
526 4578 617 4622 suam
652 4557 694 4624 ad
728 4558 861 4623 oracula
894 4557 1004 4623 divina
1036 4580 1101 4623 non
1135 4559 1255 4645 possit,
1293 4565 1329 4624 ut
1362 4557 1495 4622 domum
1533 4555 1636 4642 patris
1675 4552 1874 4619 obliviscens

218 4659 464 4746 oboediensque
488 4661 634 4725 vocantis
663 4662 800 4748 imperio
827 4661 868 4726 de
897 4667 986 4727 terra
1014 4683 1073 4726 sua
1102 4667 1136 4727 et
1165 4665 1358 4748 cognatione
1386 4659 1532 4725 discedat
1554 4665 1652 4743 atque
1675 4658 1765 4723 illam
1789 4679 1874 4744 quae

219 4763 250 4826 ei
279 4762 522 4828 demonstratur
544 4765 650 4850 potius
683 4765 901 4853 concupiscat.
952 4786 1015 4830 non
1046 4766 1133 4830 enim
1163 4764 1270 4832 adhuc
1300 4766 1387 4831 valet
1414 4764 1577 4850 pusillitas
1607 4767 1720 4826 nostra
1749 4767 1872 4825 metum
1906 4763 1925 4825 3

220 4867 383 4932 obnoxiae
407 4866 605 4932 condicionis
628 4868 797 4954 expellere
821 4876 855 4937 et
878 4871 1006 4936 caritati
1030 4871 1196 4956 perfectae
1220 4877 1359 4958 purgata
1386 4868 1486 4935 corda
1511 4887 1676 4942 reserare,
1707 4872 1744 4929 ut
1771 4866 1871 4930 relin-

218 5142 354 5285 2611
381 5141 554 5208 namur.
620 5145 664 5199 Pe.
683 5143 742 5210 XO,
759 5145 785 5199 3.
891 5145 923 5200 17
942 5147 985 5201 Pa.
1005 5147 1092 5212 Lxu,
1111 5149 1135 5201 9.
1242 5147 1274 5199 19
1296 5144 1359 5214 Sap.
1378 5090 1431 5208 IX',
1450 5143 1489 5198 15.
1595 5141 1631 5196 20
1654 5141 1698 5196 Pa.
1716 5140 1813 5205 XLIV,
1832 5142 1874 5196 11.

239 5229 251 5280 l
298 5245 341 5282 en.
361 5229 422 5294 XII,
442 5232 466 5286 1.

321 5385 338 5438 4
362 5385 384 5455 Ι]
406 5391 508 5442 carneri
532 5389 661 5442 ἀωιιηιθ
782 5388 797 5440 ‘l
816 5391 876 5442 olim
898 5419 929 5427 -
952 5389 1108 5461 Seognoui]
1128 5413 1161 5436 =
1179 5391 1280 5443 Ruricii
1297 5407 1336 5458 ep.
1354 5389 1379 5455 Ι,
1397 5393 1435 5453 16,
1451 5389 1494 5452 §1
1614 5385 1632 5440 8
1654 5385 1717 5456 illis]
1736 5405 1749 5441 s
1767 5387 1873 5440 ι.1.01

220 5472 250 5524 ll
274 5476 361 5542 pinnis
383 5477 406 5527 0
485 5478 573 5545 positis
594 5477 617 5529 G
735 5476 769 5529 12
791 5475 855 5546 ipae]
876 5477 1034 5545 Ls'r'tjolroaa,
1057 5481 1113 5548 ipso
1134 5480 1157 5531 G
1278 5475 1310 5528 13
1328 5471 1526 5543 restinguerem]
1546 5492 1559 5526 e
1577 5491 1632 5540 ap.
1654 5475 1692 5526 0¹
1774 5475 1874 5528 cariati

219 5561 375 5628 signicnlum
397 5563 435 5613 0¹
507 5582 584 5630 quam
605 5565 627 5615 G
719 5607 721 5616 ,
739 5561 772 5616 14
788 5565 910 5632 suppleas
927 5567 1060 5618 scintillis:
1079 5569 1113 5634 cf.
1125 5567 1200 5634 iasra
1219 5565 1261 5628 II,
1279 5568 1311 5615 26
1380 5563 1508 5616 condensa
1527 5559 1723 5628 scripturarum]
1740 5561 1772 5627 G,
1789 5565 1823 5629 es.
1837 5561 1873 5614 10.

218 5647 252 5712 Χ,
265 5651 314 5700 34ι
332 5651 516 5703 subuertentur
533 5651 664 5704 condensa
680 5651 763 5705 saltus
862 5651 895 5704 15
913 5654 1053 5721 papulisdl
1083 5701 1088 5710 ,
1150 5651 1185 5705 18
1202 5651 1363 5706 orationisG
1465 5647 1501 5702 20
1517 5657 1602 5702 autem
1620 5665 1668 5702 sua
1683 5649 1732 5713 0¹,
1749 5665 1816 5700 corr.
1831 5649 1874 5700 0¹

216 5732 384 5804 oblinisoem]
403 5737 503 5806 scripsi,
522 5737 656 5792 oblidiod
758 5736 792 5794 21
811 5736 937 5810 uocantis]
956 5758 974 5795 u
988 5758 1008 5794 r.
1021 5741 1039 5796 l.
1051 5741 1091 5796 0²
1161 5741 1308 5812 cognitione
1329 5739 1352 5793 O

1611 5851 1668 5910 gg·
