4732 6436
909 381 1178 436 LUETJOHANNI.
1829 389 1867 441 IX

217 549 294 615 inde
319 551 360 615 ab
385 573 436 637 ep.
460 552 480 616 l.
498 552 555 630 IV,
579 558 598 616 4
621 577 653 640 p.
670 558 754 631 57,5
780 553 898 638 me[yis
919 576 1017 636 quom
1037 558 1132 638 quest
1154 557 1214 622 col-i
1235 556 1428 640 inteltmebet
1449 577 1553 642 usque
1576 556 1617 621 ed
1641 580 1691 645 ep.
1716 561 1737 626 l.
1753 561 1813 640 IV,
1830 565 1870 625 26

217 678 250 742 p.
268 658 347 736 71,1
373 655 475 720 lutera
490 656 682 722 rhenonibus
698 658 908 743 (quemquam
933 665 1082 726 extreme
1104 661 1179 725 inde
1203 662 1244 726 ab
1269 683 1321 747 cp.
1338 662 1357 726 l.
1374 660 1432 741 IV,
1449 663 1490 723 26
1513 682 1545 746 p.
1563 664 1657 742 76,Ιὸ
1665 663 1763 743 pedes
1770 666 1872 744 primi

211 782 329 841 perone
356 762 456 826 etiam
483 763 516 825 in
540 763 723 848 insequenti
750 764 829 827 tolio
854 785 874 828 a
896 785 994 828 manu
1021 771 1134 831 vetere
1158 766 1282 851 scripta
1305 764 1462 848 exstent).
1508 763 1657 850 Itemque
1682 767 1814 852 siquae
1839 769 1872 830 in

219 865 355 930 summis
383 865 470 930 foliis
493 886 606 931 umore
631 867 748 930 affecta
770 873 981 948 evanuerant,
1006 889 1183 934 camenus
1208 869 1368 932 recentior
1391 869 1424 932 in
1450 866 1565 932 eadem
1588 869 1700 934 autin
1723 870 1873 956 proxime

218 973 339 1054 pagiua
367 969 509 1035 iteravit.
556 969 710 1035 Continet
738 977 847 1036 eutem
880 971 985 1036 codex
1008 978 1139 1057 practer
1162 972 1286 1036 Sidonii
1310 972 1433 1057 scripta
1456 970 1594 1035 Ausonii
1617 973 1761 1037 carmina
1788 995 1873 1059 quea

218 1071 442 1137 inscribuntur
464 1095 572 1138 uersers
594 1075 631 1139 de
653 1075 816 1140 duorlecim
838 1076 1081 1156 taruanorum
1103 1077 1338 1155 Romanorum
1365 1077 1403 1140 de
1425 1075 1620 1158 turpitudine
1641 1078 1731 1160 requi
1751 1099 1874 1156 eorum;

219 1177 257 1240 de
278 1177 397 1258 finibus
419 1201 535 1244 eorum.
581 1179 644 1243 His
668 1180 816 1245 suldecta
839 1187 914 1244 sunt
938 1181 1020 1246 haec
1044 1181 1155 1262 verba,
1179 1203 1264 1267 quae
1289 1187 1364 1246 suut
1380 1181 1555 1266 Augustini
1579 1180 1619 1246 de
1644 1183 1704 1248 civ.
1721 1181 1773 1246 dei
1790 1185 1820 1264 6,
1837 1185 1872 1246 2;

226 1279 327 1346 Varro
349 1283 399 1346 vir
420 1283 636 1366 undecumque
659 1284 858 1350 (lectissimus
886 1290 951 1349 tem
980 1285 1082 1350 ruulto
1105 1285 1191 1368 lepr‘t,
1221 1292 1258 1351 ut
1283 1287 1313 1351 ei
1343 1286 1622 1368 clairmanum
1644 1307 1786 1365 uacasse,
1809 1291 1875 1351 tam

219 1385 321 1450 nescita
342 1387 479 1468 scripsit,
500 1393 538 1452 ut
559 1410 630 1452 eum
652 1394 745 1454 toute
766 1388 873 1472 lepisse
894 1391 1055 1455 mtremur.
1109 1392 1298 1477 Sequuntur
1327 1390 1466 1458 Eusenii
1494 1391 1603 1456 nescio
1635 1391 1727 1454 euius
1759 1412 1874 1455 versus

220 1495 287 1553 tres
321 1490 362 1554 ad
397 1490 583 1570 diabolum,
620 1499 688 1556 tum
719 1493 851 1573 anatole
883 1495 965 1576 repis
991 1495 1173 1560 Aoororum
1204 1496 1325 1560 directe
1358 1496 1402 1559 ad
1435 1496 1654 1576 imperatorem
1682 1494 1874 1570 Romanum,

220 1592 321 1657 idest
342 1592 474 1680 Serippi
498 1595 531 1658 in
554 1594 685 1660 laudern
709 1595 824 1661 Iustini
841 1597 892 1661 III
916 1620 967 1665 vv.
984 1601 1166 1680 271-288,
1189 1599 1308 1664 deiude
1329 1603 1366 1663 13
1383 1621 1434 1664 vv.
1453 1598 1494 1664 de
1517 1605 1644 1685 septem
1661 1598 1875 1684 sapientibus,

220 1694 361 1780 denique
378 1697 440 1762 tria
451 1699 608 1764 Venentii
625 1700 799 1764 Fortunati
815 1701 960 1764 carmina
976 1700 1010 1784 (l.
1027 1701 1053 1782 I,
1071 1705 1108 1764 21
1122 1725 1128 1776 ;
1152 1700 1212 1780 XI,
1229 1704 1269 1764 25
1288 1706 1321 1766 et
1337 1704 1388 1783 26,
1406 1702 1446 1767 cf.
1461 1702 1511 1767 ed.
1526 1702 1589 1786 la).
1611 1701 1736 1765 'Finem
1752 1700 1877 1763 faciunt

221 1799 346 1885 aliquot
370 1802 558 1886 Symmachi
582 1812 616 1870 et
640 1805 789 1870 Senecae
812 1804 853 1868 ad
876 1805 1016 1869 Paulum
1039 1806 1210 1890 epistulae.
1257 1805 1377 1870 Totum
1402 1806 1523 1870 contuli
1545 1804 1744 1870 Florentiae.

330 1903 419 1972 Ood.
439 1906 659 1973 Berncnsis
674 1912 744 1974 285
769 1908 1039 1974 membranaceus
1061 1909 1184 1974 formae
1207 1909 1371 1974 maxImae
1388 1911 1521 1974 saeculo
1539 1909 1608 1974 XII
1625 1909 1786 1994 scriptus,
1799 1905 1876 1970 olim

221 2007 334 2072 Iacobi
358 2009 544 2096 Bongarsii.
590 2013 728 2078 Constat
751 2012 1008 2099 quattuordecim
1032 2013 1319 2098 quaternionibus,
1348 2013 1406 2078 sed
1436 2013 1579 2078 secundo
1608 2013 1739 2078 tertium
1762 2010 1877 2074 folium

220 2113 429 2204 ademptum,
453 2116 647 2182 duodecimo
678 2138 779 2182 unum
809 2119 923 2183 lolium
952 2119 1117 2192 adiectum
1137 2113 1200 2184 'est
1230 2118 1299 2200 (fol.
1320 2119 1387 2204 96).
1442 2118 1471 2182 Α
1500 2118 1603 2182 tribus
1633 2117 1702 2182 fere
1736 2114 1877 2179 librariis

221 2218 350 2283 diversa
378 2243 476 2284 manu
508 2222 629 2308 scripta
658 2229 733 2287 sunt
760 2244 845 2308 quae
870 2223 1108 2309 complectitur.
1154 2222 1204 2287 Ac
1228 2223 1351 2308 primus
1376 2222 1507 2308 quidem
1535 2223 1567 2286 in
1596 2228 1723 2307 septem
1745 2223 1876 2303 quater-

221 2323 371 2388 nionibus
395 2326 509 2410 primis
533 2325 603 2412 (fol.
625 2329 741 2413 1-55)
767 2328 892 2393 Sidonii
915 2329 1074 2414 epistulas
1099 2328 1232 2413 scripsit
1254 2349 1357 2412 usque
1382 2326 1423 2391 ad
1447 2349 1498 2412 ep.
1521 2327 1543 2392 l.
1559 2325 1674 2404 vl1‚a
1703 2345 1733 2409 p.
1755 2325 1823 2400 105,
1836 2324 1877 2383 25

221 2427 391 2492 diuersorio
413 2430 467 2494 cui
488 2431 555 2514 ‘tyrse
575 2439 783 2510 suecesscrut;
809 2433 842 2497 in
866 2433 1134 2518 quaternionibus
1163 2433 1217 2517 qui
1241 2431 1282 2496 ab
1307 2437 1423 2496 octavo
1447 2429 1488 2494 ed
1512 2428 1739 2494 duodecimum
1762 2446 1877 2489 nume·

222 2538 333 2596 rantur
357 2555 429 2597 cum
452 2535 655 2620 agglutinato
679 2537 735 2602 ille
759 2536 835 2601 folio
851 2538 936 2602 alter
950 2536 1075 2601 Sidonii
1098 2536 1257 2623 epistulas
1274 2535 1428 2600 adfinem
1450 2534 1605 2621 perduxit
1621 2527 1879 2617 (f01.56—85·),
1987 2545 1989 2550 ⁴

222 2636 336 2699 tertius
368 2658 467 2704 cerm.
490 2637 644 2704 I-VIII
674 2648 708 2706 et
737 2640 874 2705 Ausonii
902 2641 942 2704 de
971 2640 1223 2725 imperatoribus
1246 2639 1466 2703 Romanorum
1493 2659 1607 2703 versus
1634 2635 1782 2700 exaravit
1810 2632 1878 2710 (fol.

222 2739 407 2824 85·-96);
436 2742 468 2805 in
493 2743 759 2827 quaternionibus
783 2743 910 2809 decimo
939 2745 1034 2808 tertio
1065 2749 1097 2807 et
1125 2748 1239 2827 quarto
1268 2764 1381 2806 rursus
1410 2743 1534 2828 primus
1565 2739 1690 2804 Sidonii
1721 2737 1878 2823 epistulas

225 2842 264 2905 ab
285 2865 337 2928 ep.
361 2844 382 2922 l,
398 2844 476 2924 VII,
499 2849 518 2908 2
542 2868 572 2931 p.
594 2851 663 2926 165,
682 2851 722 2910 25
744 2847 913 2911 diversorio
936 2848 990 2910 cui
1012 2847 1078 2926 epse
1104 2851 1296 2909 concesserat
1325 2867 1429 2930 usque
1459 2844 1500 2908 ad
1529 2847 1627 2908 finem
1656 2865 1707 2929 ep.
1731 2843 1752 2906 l.
1768 2840 1879 2918 Vll,6
1958 2895 1965 2904 ,

224 2947 357 3032 scripsit
383 2948 633 3035 (f01.97-ae);
666 2950 806 3036 denique
835 2951 965 3014 diversa
993 2971 1109 3014 manus
1140 2951 1239 3014 etiem
1271 2955 1429 3036 excerpta
1457 2971 1500 3012 ex
1530 2948 1624 3013 Beda
1654 2947 1695 3012 de
1726 2967 1788 3010 rer.
1814 2949 1879 3009 nat.

224 3048 381 3116 adiunxit.
435 3053 528 3126 Quae
558 3075 630 3118 cunr
660 3055 706 3118 Ita
737 3056 817 3136 siut,
853 3055 1059 3118 manifestum
1093 3059 1143 3117 est
1177 3054 1254 3117 olim
1283 3054 1528 3137 quaternionem
1558 3051 1690 3116 tertium
1718 3049 1879 3114 decimum

223 3154 365 3239 septimo
394 3155 599 3236 adhaesisse,
628 3165 745 3243 postca
772 3165 882 3223 autem
913 3157 978 3222 illis
1006 3157 1178 3221 disiunctis
1207 3157 1347 3220 alterum
1374 3156 1541 3222 librarium
1571 3153 1763 3242 repetivisse
1795 3173 1879 3237 quae

223 3259 311 3342 prior
333 3259 397 3322 iem
426 3260 458 3324 in
481 3260 683 3327 soler-99
712 3263 896 3348 scripserat.
948 3263 1128 3327 Praeterea
1155 3262 1253 3326 etiam
1285 3260 1317 3324 in
1348 3260 1396 3326 eis
1426 3259 1591 3345 pertibus,
1619 3280 1700 3344 quas
1728 3279 1748 3320 a
1776 3257 1880 3343 primo

224 3359 356 3425 librario
380 3365 611 3454 transscriptas
635 3389 710 3431 esse
734 3366 816 3446 dixi,
846 3388 919 3430 curn
950 3387 1056 3451 pauca
1084 3365 1244 3452 quaedam
1272 3364 1323 3428 hic
1352 3371 1384 3428 et
1413 3365 1480 3428 illic
1503 3364 1604 3428 verbe
1634 3369 1703 3426 tum
1734 3383 1773 3425 ea
1795 3381 1880 3445 quae

223 3464 377 3549 leguntur
398 3467 472 3531 Inde
497 3468 538 3532 ab
562 3491 614 3554 ep.
639 3471 660 3533 l.
684 3470 742 3548 IV,
759 3473 797 3535 18
820 3493 849 3556 p.
867 3474 918 3549 68,
940 3474 981 3534 26
1008 3493 1083 3550 eque
1109 3470 1268 3534 contrario
1294 3469 1325 3533 si
1350 3469 1430 3550 quid
1455 3468 1608 3550 lutunpus
1634 3487 1736 3552 usque
1765 3464 1806 3528 ed
1830 3484 1881 3549 ep.

224 3569 245 3634 l.
262 3568 303 3648 V,
320 3571 329 3630 l
357 3592 388 3655 p.
406 3574 456 3652 78,
470 3576 503 3635 ll
529 3574 559 3636 si
580 3574 706 3654 quidem
728 3574 787 3637 lure
809 3574 991 3656 delinitione
1005 3574 1150 3654 perrea-tt
1169 3578 1206 3637 ut
1225 3578 1284 3636 out
1307 3572 1474 3638 ediverso
1491 3573 1614 3657 scripte
1627 3591 1701 3636 esse
1719 3569 1880 3633 videntur.

224 3671 310 3737 Hinc
325 3677 481 3762 explicari
495 3701 595 3766 posse
613 3680 749 3760 videtur,
773 3703 829 3745 cur
852 3682 884 3745 in
901 3682 963 3746 hoc
980 3680 1092 3746 codice
1116 3702 1167 3767 ep.
1184 3679 1277 3756 l.'IV,
1293 3683 1333 3744 22
1350 3680 1450 3743 alium
1475 3683 1573 3760 etque
1596 3676 1629 3738 in
1653 3673 1770 3738 ceteris
1794 3673 1881 3736 eius-

225 3777 299 3842 dem
324 3781 455 3863 geueris
479 3782 646 3848 codicibus
671 3785 778 3849 locum
796 3785 951 3866 obtineat,
975 3785 1102 3848 scilicet
1117 3789 1192 3870 post
1207 3805 1258 3870 cp.
1283 3785 1303 3847 l.
1321 3782 1361 3864 V,
1381 3786 1409 3847 7.
1454 3781 1613 3846 Nimirum
1629 3779 1714 3842 alter
1728 3776 1881 3840 librarius

225 3883 408 3968 epistulam,
433 3906 529 3969 quam
553 3888 594 3952 ab
619 3890 722 3954 altero
747 3890 1012 3975 praetermissam
1030 3887 1119 3968 vidit,
1143 3909 1207 3973 quo
1228 3888 1332 3973 primo
1349 3886 1456 3975 potuit
1471 3886 1542 3948 loco
1560 3882 1694 3947 addidit.
1727 3880 1881 3964 Denique

226 3988 395 4071 quaternio
417 3988 643 4070 duodecimus,
674 4013 769 4077 quern
793 4015 869 4079 pars
889 3992 1069 4056 carminum
1090 3997 1243 4077 occupat,
1267 4012 1440 4076 perperam
1463 3990 1510 4053 ita
1533 3986 1736 4072 complicitus
1760 3990 1820 4065 est,
1845 3988 1881 4047 ut

225 4095 378 4172 quattuor
393 4093 479 4174 lolia,
496 4118 579 4182 quae
597 4102 747 4161 extrema
763 4119 836 4161 osse
852 4095 985 4178 debent,
1002 4096 1107 4182 prima
1123 4095 1196 4158 sint.
1226 4093 1299 4168 Quo
1316 4093 1516 4170 factumest,
1540 4098 1575 4155 ut
1591 4096 1664 4178 post
1680 4088 1882 4168 cerm.V‚8l,

203 4196 258 4257 ‘in
284 4216 380 4279 quem
404 4218 535 4263 versum
560 4200 681 4265 desinit
709 4201 880 4287 quaternio
904 4200 1111 4279 undecimus,
1144 4206 1256 4264 cetere
1278 4198 1338 4261 hoe
1362 4197 1474 4261 ordine
1497 4197 1665 4282 legantur:
1701 4215 1799 4257 carm.
1823 4191 1882 4270 VI,

220 4302 349 4374 ·-1-36;
382 4300 458 4378 VII,
487 4307 624 4380 1-516;
653 4305 695 4387 V,
719 4308 886 4378 82-663;
920 4303 1004 4367 VIII
1032 4307 1150 4377 1-16;
1185 4301 1244 4382 VI,
1273 4302 1364 4365 1-3.
1422 4300 1577 4364 Oediccm
1612 4299 1643 4362 in
1674 4296 1882 4364 Germaniam

226 4405 454 4468 transmissum
478 4412 581 4471 totum
604 4410 741 4473 contulit
763 4409 841 4473 mihi
866 4408 1077 4472 Hermannus
1101 4405 1291 4490 Oldenberg
1313 4403 1548 4470 Berolineusis.

336 4505 425 4572 Oed.
455 4508 807 4593 Steckbelmensis,
842 4514 897 4598 qui
926 4513 996 4578 sinc
1028 4517 1117 4576 certo
1145 4530 1281 4574 numero
1310 4509 1343 4572 in
1376 4506 1577 4572 bibliotheca
1603 4505 1696 4590 regie
1723 4510 1882 4582 servatur,

226 4611 496 4677 membranaceus
511 4615 635 4681 formae
653 4618 786 4682 maioris
803 4617 936 4681 sacculo
954 4615 1031 4695 XII,
1047 4621 1084 4678 ut
1102 4614 1239 4693 videtur,
1264 4613 1314 4676 ita'
1326 4618 1492 4692 exaratus,
1515 4618 1552 4674 ut
1567 4610 1731 4687 librarius,
1755 4606 1883 4672 etiamsi

226 4715 305 4779 nibil
323 4717 499 4798 omitteret,
516 4725 624 4784 tamen
641 4721 693 4785 hic
709 4723 775 4786 illic
791 4721 929 4807 paginas
946 4720 1072 4804 aliquas
1091 4739 1210 4782 vacuas
1226 4717 1437 4804 relinqueret.
1470 4715 1609 4779 Praeter
1623 4713 1746 4777 Sidonii
1763 4711 1883 4796 scripta

227 4821 373 4885 continet
396 4820 478 4886 haec
501 4844 521 4886 a
544 4822 671 4887 duabus
696 4825 768 4888 aliis
785 4825 946 4904 manibus,
972 4824 1030 4889 sed
1049 4823 1176 4902 eodem,
1200 4829 1236 4886 ut
1253 4819 1392 4899 videtur,
1416 4819 1549 4884 saeculo
1565 4822 1718 4884 exarata:
1743 4815 1882 4880 Ausonii

227 4921 267 4988 de
291 4924 461 4989 duodecim
492 4927 741 5013 imperatoribus
764 4929 920 4992 Romanis
949 4929 1012 4992 tria
1034 4928 1193 4996 carmine:
1217 4949 1235 4991 e
1259 4924 1454 4989 Deidamiae
1479 4921 1521 4988 ad
1544 4921 1707 4986 Achillem
1731 4921 1883 5006 epistula,

207 5049 322 5112 .quam
340 5051 358 5093 e
377 5029 447 5096 cod.
464 5031 614 5096 Parisino
632 5034 715 5096 2782
730 5033 770 5096 A.
783 5033 883 5098 Riese
898 5032 999 5097 edidit
1015 5034 1048 5096 in
1060 5032 1145 5097 Mus.
1158 5031 1264 5096 Rhcn.
1277 5028 1426 5094 XXXIV
1439 5049 1513 5113 pag.
1528 5030 1589 5089 474
1605 5047 1685 5111 sqq,
1698 5046 1749 5091 vv.
1765 5028 1883 5096 1--37;

227 5152 245 5195 e
270 5131 425 5197 Venantii
449 5135 619 5199 Fortunati
643 5157 742 5204 carm.
765 5137 785 5199 l.
804 5136 863 5217 XI,
887 5139 927 5200 25
952 5158 1003 5201 vv.
1023 5138 1149 5200 12-32
1172 5140 1205 5199 et
1228 5135 1268 5196 26
1293 5153 1343 5196 vv.
1363 5133 1476 5194 1-12,
1522 5129 1619 5193 Hunc
1636 5128 1780 5194 codicem
1804 5128 1884 5191 mihi

227 5236 331 5320 primo
364 5238 508 5323 inspexit
536 5238 723 5304 Ludovicus
752 5240 985 5306 Mendelssohn
1015 5239 1194 5324 eodemque
1224 5235 1449 5300 intercedente
1487 5239 1605 5319 postea
1633 5231 1883 5315 diligentissime

227 5337 399 5424 descripsit
421 5340 552 5426 Tegndr
576 5344 871 5424 Steckbelmensis,
894 5344 1113 5409 bibliothecae
1138 5342 1248 5429 regiae
1272 5340 1467 5426 praelectus.
1505 5336 1571 5421 [uf.
1589 5336 1674 5401 infra
1690 5357 1720 5421 p.
1737 5331 1882 5420 XXIII]

298 5471 303 5480 ·
337 5443 429 5508 uod.
453 5447 669 5513 Vaticanus
703 5448 879 5533 Reginae
911 5450 983 5512 216
1021 5446 1288 5511 membranaceus
1324 5445 1449 5507 formae
1484 5447 1621 5506 octavae
1651 5439 1782 5504 saeculo
1815 5437 1884 5501 XII

226 5549 279 5611 vel
295 5549 380 5613 XIII
405 5552 485 5614 setis
502 5560 653 5618 accurate
671 5554 822 5638 scriptus.
868 5552 898 5616 N
902 5574 963 5616 unc
980 5553 1126 5616 continet
1143 5551 1199 5614 fol.
1220 5552 1297 5622 164;
1321 5547 1379 5612 sed
1395 5568 1469 5610 cum
1488 5545 1520 5608 in
1538 5545 1604 5609 ima
1619 5543 1740 5630 pagina
1756 5541 1884 5606 desinet

228 5649 261 5712 In
285 5671 383 5719 carm.
400 5655 465 5719 VII
488 5679 518 5724 v.
535 5661 597 5723 586
623 5658 746 5722 interret
769 5656 953 5740 Augustum
971 5656 1091 5737 pilense
1112 5655 1317 5736 faustumque
1338 5651 1511 5732 fragorem,
1542 5648 1718 5714 verisimile
1749 5652 1799 5711 cst
1828 5652 1886 5709 aut

269 5799 270 5802 ’
331 5790 457 5844 Sroourus.
1661 5787 1678 5838 b
1699 5849 1707 5866 ,
