4612 6428
168 1743 545 1891 nnusur
588 1746 1291 1925 aurosumque
1342 1747 1922 1895 sersuunnn

184 2023 186 2028 ·
367 1990 519 2132 AD
573 1989 1120 2138 anulorum
1166 1990 1723 2167 nnrosoun.
1802 2025 1845 2036 ¹·

918 2537 1059 2604 .1.
1891 2522 1924 2595 G

220 2691 399 2756 DOMINO
422 2690 619 2768 PIISSIMO
643 2691 701 2755 uu
724 2690 771 2754 IN
790 2690 992 2770 CHRIS'IO
1017 2661 1176 2757 sunno
1198 2691 1301 2756 MIHI
1323 2691 1509 2770 HONORE
1532 2689 1870 2756 SINGULARI'I'ER

180 2809 192 2846 ι
220 2867 222 2874 ¹
611 2793 888 2861 EXOOLENDO
911 2795 1098 2862 RURIOIO
1125 2796 1247 2861 FILIO
1271 2795 1485 2861 FAUSTUS.
1808 2797 1812 2806 “

324 2915 431 3007 lrrcsr
454 2963 514 3027 per
535 2961 771 3028 quamcumque
795 2960 967 3026 personam
992 2938 1169 3006 iucundum
1193 2941 1272 3005 mihi
1289 2942 1332 3006 sit
1347 2962 1421 3006 cum
1436 2939 1602 3005 individuo
1616 2947 1749 3027 pectore
1766 2941 1869 3026 ipsius
1906 2944 1917 3002 1

103 3071 105 3076 ⁴
221 3047 367 3111 caritatis
383 3046 518 3110 vocibus
542 3045 682 3130 colloqui
698 3052 731 3110 et
746 3043 861 3111 sedula
877 3065 935 3108 vos
950 3044 1129 3110 officiorum
1150 3044 1327 3111 ambitione
1352 3046 1533 3131 complecti,
1559 3044 1615 3110 sed
1638 3067 1724 3110 nunc
1748 3051 1868 3131 quanto

198 3147 201 3152 ’
219 3151 433 3237 opportunius
456 3156 548 3214 tanto
566 3149 698 3214 avidius
721 3152 840 3237 pignus
858 3152 964 3216 ¹animi
979 3153 1080 3216 vestri
1102 3152 1283 3216 ministerio
1308 3151 1478 3218 domestici
1501 3153 1676 3238 portitoris
1692 3154 1866 3240 assumpsi,

219 3255 252 3319 in
286 3256 378 3319 cuius
410 3255 526 3319 merito
558 3256 665 3319 minus
700 3256 879 3342 assignavit
912 3256 1027 3320 relatio
1047 3255 1160 3341 'quam
1192 3256 1342 3342 probavit
1377 3257 1511 3341 agnitio.
1563 3263 1595 3321 et
1625 3264 1801 3342 propterea
1829 3256 1870 3321 ad
1903 3259 1922 3320 2

167 3372 193 3411 10
221 3359 362 3422 fructum
387 3365 531 3428 vostrum
556 3359 697 3424 crevisse
720 3361 903 3444 gratulatus
928 3380 1014 3439 sum,
1043 3358 1128 3444 quod
1151 3358 1247 3424 ineo
1271 3360 1339 3424 rita
1362 3361 1474 3424 melior
1497 3359 1720 3425 condicionem
1744 3361 1868 3446 primae

221 3463 400 3526 nativitatis
430 3462 573 3550 abolevit
601 3467 698 3548 atque
726 3464 761 3528 in
789 3485 828 3528 eo
859 3485 1000 3530 naevum
1023 3463 1155 3548 generis
1179 3464 1392 3528 manumissio
1416 3465 1581 3550 religionis
1606 3465 1759 3530 abstersit
1782 3471 1815 3529 et
1837 3466 1871 3530 in

187 3589 188 3593 ¹
220 3566 428 3652 adoptionem
444 3565 566 3630 Christi
588 3587 760 3652 personam
785 3569 938 3654 mancipii
958 3567 1022 3632 lide
1040 3568 1257 3652 emancipavit
1273 3573 1306 3632 et
1322 3569 1538 3654 transcripsit.
1583 3567 1743 3653 quomodo
1760 3575 1870 3633 autem
1903 3571 1921 3632 3

220 3669 306 3756 apud
330 3671 399 3736 eius
424 3671 475 3736 vel
498 3670 585 3756 apud
607 3673 808 3757 reliquorum
830 3673 968 3736 fratrum
991 3672 1132 3736 lacteam
1156 3671 1375 3736 sinceritatem
1407 3692 1506 3757 agere
1538 3671 1745 3753 deberemus,
1776 3672 1868 3737 latis-

220 3775 335 3840 simam
363 3775 503 3861 apostoli
534 3773 808 3860 dispensationem
837 3775 990 3861 expedito
1020 3776 1203 3861 digessistis
1231 3777 1390 3862 alloquio,
1426 3783 1459 3842 et
1486 3798 1559 3841 oum
1591 3797 1648 3842 eos
1681 3776 1869 3842 doctissima

167 3893 192 3932 1⁵
222 3880 344 3965 pagina
365 3879 470 3944 minus
494 3878 607 3944 doctos
632 3881 762 3960 asserit,
793 3901 853 3945 nos
884 3887 995 3946 tomen
1021 3880 1191 3944 incorum
1216 3878 1395 3944 defaecatis
1419 3879 1562 3944 moribus
1585 3881 1735 3945 admirati
1758 3902 1868 3946 sumus

219 4004 278 4068 per
301 3983 421 4048 donum
452 3984 715 4048 mansuetudinis
747 3990 780 4049 et
809 3984 1001 4049 humilitatis
1028 3983 1266 4069 plenitudinem
1293 3984 1457 4048 lectionis:
1492 3985 1591 4049 vincit
1619 3986 1705 4050 enim
1735 3985 1870 4071 largitas

220 4088 346 4172 gratiam
369 4088 518 4153 instituta
541 4086 720 4153 doctrinae.
766 4110 841 4153 nam
866 4089 925 4153 etsi
951 4087 1010 4152 sub
1035 4088 1155 4172 exiguo
1178 4093 1325 4174 tempore
1349 4089 1434 4152 intra
1462 4109 1575 4153 eorum
1601 4088 1711 4153 lueida
1737 4095 1872 4175 pectora
1904 4095 1921 4152 l

220 4197 253 4255 et
281 4191 454 4276 perspicua
481 4193 662 4277 penetralia
691 4192 871 4256 introduxit
901 4213 936 4256 sc
966 4213 1081 4256 sensus
1106 4190 1245 4256 candida
1267 4192 1393 4277 puritas
1416 4198 1449 4256 et
1471 4193 1643 4278 praeclara
1666 4193 1870 4279 simplicitas,

220 4314 279 4379 per
301 4315 398 4380 quam
422 4294 548 4360 divinae
577 4295 725 4381 imaginis
756 4297 924 4382 speculum
955 4295 989 4359 in
1016 4295 1180 4360 interioris
1211 4295 1349 4360 hominis
1378 4297 1482 4360 nitore
1510 4298 1683 4382 perfulget.
1729 4296 1868 4375 divinae,
1903 4301 1922 4360 5

167 4409 193 4449 2⁰
223 4399 369 4482 inquam,
393 4399 559 4482 imaginis;
586 4400 632 4463 ita
656 4400 742 4464 enim
765 4397 806 4464 de
829 4398 960 4464 domino
982 4400 1138 4485 legimus:
1174 4420 1288 4485 purus,
1319 4400 1471 4486 simplex,
1504 4401 1643 4466 subtilis.
1689 4400 1747 4466 sed
1770 4401 1871 4465 multo

221 4502 309 4568 aliud
332 4502 455 4568 indicat
477 4504 586 4567 divina
609 4504 665 4567 illa
689 4504 895 4588 simplicitas:
921 4503 1080 4590 siquidem
1103 4506 1136 4568 in
1159 4505 1253 4570 nobis
1277 4505 1401 4589 duplex
1422 4505 1508 4570 inest
1531 4506 1563 4569 in
1586 4506 1701 4591 spiritu
1722 4511 1755 4570 et
1772 4526 1870 4570 carne

221 4608 419 4686 substantia,
448 4629 508 4671 nos
531 4605 617 4692 quod
640 4606 800 4672 habemns
824 4609 1024 4694 accepimus,
1048 4608 1142 4673 nobis
1166 4607 1298 4673 diversa
1319 4609 1473 4672 virtutum
1498 4609 1693 4674 charismata
1716 4608 1870 4673 adiuncta

220 4718 305 4793 sunt,
329 4733 393 4776 non
416 4713 538 4777 innata.
584 4712 653 4776 sine
677 4710 774 4775 dubio
798 4711 971 4797 apponitur
995 4709 1079 4796 quod
1103 4712 1225 4776 auferri
1241 4717 1363 4797 potest:
1388 4718 1423 4776 ut
1443 4711 1520 4776 boni
1537 4713 1648 4793 simus,
1671 4711 1712 4777 de
1731 4715 1872 4778 auctoris
1904 4718 1922 4776 e

220 4837 331 4882 sumus
354 4816 501 4881 bonitate
526 4815 674 4881 mutuati.
719 4835 762 4879 ex
785 4815 841 4879 illo
865 4813 995 4899 quidem
1018 4815 1171 4890 vivimus:
1196 4815 1254 4881 sed
1277 4817 1358 4897 vita,
1383 4816 1467 4881 sicut
1490 4817 1546 4881 ille
1570 4822 1637 4898 est,
1661 4837 1725 4881 non
1749 4838 1871 4884 sumus.

168 4937 192 4976 ²⁵
222 4923 299 4989 iusti
327 4942 401 4987 esse
424 4941 613 5007 possumus,
643 4919 770 4984 iustitia
793 4939 866 4984 esse
890 4939 955 4983 non
978 4940 1162 5005 possumus.
1207 4920 1263 4985 ille
1286 4919 1361 4984 ideo
1387 4920 1543 5006 simplex,
1572 4921 1649 5006 quia
1671 4920 1752 4984 nihil
1768 4920 1805 4985 -ei
1829 4943 1871 4987 ex

221 5025 390 5092 accedenti
413 5025 563 5110 largitate
587 5023 740 5090 collatum
764 5028 826 5088 est.
870 5023 925 5108 qui
948 5044 991 5087 ex
1014 5044 1050 5088 se
1074 5024 1236 5105 subsistit,
1267 5023 1398 5090 aliunde
1422 5025 1502 5088 nihil
1534 5025 1682 5111 sumpsit.
1728 5023 1809 5097 deus
1833 5033 1867 5091 et
1885 5029 1919 5090 ·7

220 5131 334 5196 vivens
357 5130 478 5216 pariter
501 5136 534 5194 et
550 5129 627 5209 vita,
650 5128 755 5194 bonus
779 5133 813 5192 et
836 5126 975 5207 bonitas,
999 5127 1183 5193 misericors
1207 5135 1240 5194 et
1255 5127 1494 5194 misericordia:
1517 5128 1550 5192 in
1567 5128 1721 5192 virtutum
1740 5150 1870 5194 suarum

222 5235 326 5320 gloria
349 5235 410 5300 hoc
433 5240 484 5300 est
505 5235 576 5321 ipso
600 5233 687 5320 quod
709 5233 866 5320 possidet.
906 5234 1124 5300 verbotenus
1148 5234 1245 5300 homo
1269 5234 1447 5301 deauratus
1473 5241 1534 5315 est,
1559 5234 1640 5299 deus
1665 5256 1780 5300 aurum
1805 5243 1870 5300 est:

322 5511 378 5580 31]
397 5515 482 5566 σπιθ
577 5510 866 5579 bsit]estlt10nrmren
924 5513 1049 5581 pactorG
1143 5513 1173 5564 ll
1193 5513 1309 5566 neumG
1401 5511 1433 5565 12
1451 5514 1659 5582 emancipiant0
1719 5555 1722 5560 r
1751 5513 1785 5566 13
1802 5515 1872 5582 apud

221 5597 287 5667 sins]
305 5602 338 5652 ab
355 5601 449 5652 eiusG
570 5597 604 5652 15
621 5597 720 5667 doctos]
737 5599 837 5666 scripsi,
858 5600 986 5651 doetnsG
1107 5598 1141 5652 18
1159 5617 1186 5652 se
1203 5597 1305 5668 sensus]
1323 5601 1422 5666 scripsi,
1445 5601 1571 5652 sensosG
1690 5597 1724 5651 19
1741 5601 1873 5654 interiores

222 5687 374 5739 homiuesG
466 5686 500 5740 ‘20
517 5687 604 5740 sitaG
709 5682 744 5737 24
760 5687 852 5740 mutati
872 5685 895 5739 θ
964 5684 1025 5753 ιιοιι]
1044 5703 1090 5739 nos
1110 5687 1134 5739 G

324 5804 451 5860 Sroomua
517 5787 518 5790 ¹
1631 5804 1666 5860 34
