4560 6434
440 398 502 460 350
668 423 669 428 ’
757 391 898 448 RURICII
915 391 1175 448 EPISTULARUM
1198 392 1306 446 LIBER
1323 392 1360 459 11,
1383 393 1472 448 LXIII
1490 394 1506 462 fl
1526 395 1541 448 1
1559 425 1592 434 —
1611 394 1699 449 LXIV
1718 395 1734 463 5
1751 394 1777 449 4.

349 572 384 645 G
437 585 615 654 repensare
637 565 822 646 beneficiis,
852 566 911 631 sed
933 587 994 632 nae
1017 572 1126 631 tantas
1148 567 1286 652 gratias,
1316 573 1454 653 quantos
1476 567 1661 650 meremini,
1685 567 1890 633 sermonibus
1914 568 2098 654 explicere.

388 674 408 734 2
439 668 593 757 impendo
617 676 728 734 tamen
750 689 810 755 per
832 670 957 735 litteras
981 669 1128 735 debitum
1152 671 1375 758 sospitationis
1397 670 1541 735 officium
1564 677 1756 757 partemque
1778 671 1920 758 pectoris
1948 673 2030 752 mei,
2064 670 2100 736 in

439 794 502 859 quo
536 773 691 838 affectum
726 772 826 838 vestri
868 772 1024 838 aviditate
1061 774 1208 859 suscepi,
1246 775 1386 860 paginae
1425 774 1640 840 collocutione
1676 775 1871 841 transmitto.
1930 775 2097 860 simulque

438 876 606 964 deprecor,
630 883 667 942 ut
689 877 853 942 communi
876 875 1008 941 domino
1033 876 1233 963 supplicetis,
1256 882 1293 942 ut
1315 879 1409 943 citius
1434 899 1492 942 nos
1515 877 1615 942 faciat
1630 877 1771 942 fructum
1788 877 1829 944 de
1846 885 1959 944 nostra
1976 897 2099 966 capere

438 981 643 1067 praesentia,
686 1001 832 1067 quosque
872 1002 951 1046 suae
990 980 1212 1066 inspirationis
1253 982 1408 1046 instinctu
1448 982 1618 1060 conexuit,
1656 981 1803 1045 vultuum
1845 983 1944 1047 etiam
1982 989 2100 1046 mutua
2143 995 2154 1032 ⁵

440 1085 563 1150 visione
588 1085 777 1169 coniungat,
808 1091 845 1148 ut
868 1083 1066 1150 desiderium
1089 1083 1122 1147 in
1145 1085 1255 1164 nobis,
1287 1083 1371 1171 quod
1396 1083 1546 1149 accendit
1575 1085 1707 1166 affatus,
1741 1086 1925 1171 restinguat
1951 1085 2098 1150 obtutus.

387 1189 406 1250 3
439 1187 479 1252 de
497 1188 657 1253 columnis
673 1208 752 1253 vero
768 1188 891 1272 gratias
907 1208 970 1272 ago
988 1193 1031 1267 et,
1056 1188 1141 1251 siout
1155 1187 1307 1266 iussistis,
1331 1188 1407 1272 quia
1429 1185 1526 1252 modo
1549 1192 1682 1273 propter
1705 1187 1927 1252 imminentem
1952 1187 2099 1252 hiemem

438 1291 588 1356 vehicula
611 1292 668 1356 illo
692 1290 834 1376 dirigere
857 1311 921 1356 non
945 1311 1091 1378 possum,
1115 1296 1191 1377 post
1215 1298 1363 1354 sanctum
1387 1289 1511 1376 pascha
1526 1290 1668 1376 propitia
1683 1289 1853 1356 divinitate
1869 1291 2099 1356 transmittam.

387 1398 406 1457 4
439 1393 480 1459 de
502 1394 683 1460 minoribus
706 1414 796 1473 vero,
821 1393 906 1458 sicut
928 1394 1029 1459 verbo
1053 1391 1243 1472 mandastis,
1272 1392 1300 1456 si
1323 1391 1463 1456 inveniri
1485 1398 1630 1479 possunt,
1658 1392 1737 1456 mihi
1760 1395 1815 1459 vel
1837 1393 1953 1459 decem
1976 1414 2098 1458 neces-

440 1499 543 1562 sarias
581 1519 656 1563 esse
699 1497 858 1582 significo.
917 1496 976 1563 sed
1013 1498 1040 1562 si
1074 1495 1224 1561 dominns
1266 1515 1424 1582 prospera
1463 1495 1619 1560 universa
1661 1499 1876 1580 concesserit,
1919 1503 2100 1583 antequam
2129 1508 2156 1548 ¹⁰

439 1601 593 1666 vehicula
615 1600 765 1686 dirigam,
789 1600 830 1665 ed
853 1621 913 1666 ros
936 1599 1100 1666 hominem
1124 1599 1305 1666 destinabo.

1207 1892 1330 1959 LXIV.

657 2045 873 2112 RURIOIUS
896 2045 1145 2112 EPISOOPUS
1169 2046 1340 2112 FRATRI
1362 2044 1624 2112 VOLUSIANO
1651 2046 1882 2113 EPISOOPO.

391 2192 404 2251 1
546 2165 627 2276 Ira,
657 2193 744 2280 quod
766 2195 860 2280 peius
883 2199 949 2276 est,
979 2194 1151 2258 caritatem
1174 2193 1342 2278 antiquam
1365 2199 1398 2257 et
1429 2193 1561 2258 insitam
1591 2195 1698 2272 nobis,
1729 2195 1863 2281 partim,
1894 2215 1992 2282 quarn
2020 2217 2100 2262 eon-

440 2297 598 2363 fitendum
622 2303 682 2378 est,
705 2297 917 2382 neglegentia
940 2303 1062 2378 nostra,
1086 2297 1428 2383 partim-necessitate
1451 2296 1619 2383 temporis,
1649 2298 1768 2382 partim
1793 2299 1939 2384 corporis
1962 2300 2100 2365 infirmi·
2132 2314 2157 2351 ¹⁵

441 2408 509 2468 tate
531 2401 689 2484 faciente,
716 2403 816 2486 longa
838 2399 961 2466 delevit
985 2401 1121 2481 oblivio,
1149 2406 1185 2464 ut
1208 2401 1340 2486 penitus
1363 2401 1570 2472 immemores
1594 2401 1698 2465 nostri
1720 2401 1799 2466 lacti
1822 2422 1887 2466 non
1912 2403 2017 2466 solum
2041 2423 2101 2467 vos

389 2511 409 2572 2
440 2507 540 2572 nullis
563 2505 679 2570 officiis
703 2506 823 2569 mutuis
848 2504 989 2570 seduco
1012 2505 1133 2570 litteris
1157 2507 1370 2592 requiramus.
1409 2507 1518 2588 miror,
1542 2506 1747 2572 nobilitatem
1771 2515 1858 2572 tuam
1884 2509 1975 2593 qusai
1997 2508 2101 2574 filium
2194 2568 2195 2571 ,

439 2611 480 2675 ad
509 2631 561 2676 me
588 2610 717 2674 litteras
748 2607 930 2688 destinare,
960 2628 1033 2672 cum
1057 2609 1127 2673 sine
1150 2609 1217 2673 ullo
1240 2615 1395 2695 respectu
1418 2609 1583 2694 religionis
1607 2616 1664 2674 aut
1687 2612 1943 2697 propinquitatis
1965 2612 2025 2677 tibi
2049 2613 2101 2676 in-

388 2716 407 2778 3
439 2714 542 2779 iuriae
571 2718 701 2778 nostrae
734 2714 780 2777 sic
812 2713 979 2799 placeant,
1013 2717 1051 2775 ut
1077 2732 1134 2777 eas
1161 2710 1328 2776 vindicare
1359 2733 1424 2775 non
1454 2712 1546 2779 velis.
1591 2712 1692 2792 unde,
1728 2716 1791 2779 nisi
1820 2715 2102 2780 existimationem

326 2870 331 2876 .
439 2837 601 2904 personae
624 2837 717 2882 meae
741 2823 798 2880 aut
820 2816 917 2881 oflicii
941 2816 1150 2900 cogitassem,
1180 2816 1373 2901 portitorem
1396 2813 1579 2880 litterarum
1602 2821 1730 2881 tuarum
1754 2819 1854 2883 talem
1879 2819 1921 2884 ad
1943 2825 1976 2884 te
1999 2820 2100 2885 remi·
2130 2833 2157 2872 ²⁰

327 2945 329 2948 ·
441 2940 561 3000 seram,
598 2920 713 3005 quales
745 2919 894 2984 homines
925 2940 1018 2985 meos
1051 2940 1117 2985 non
1149 2926 1299 2984 matrona
1325 2925 1452 2999 vestra,
1486 2919 1545 2983 sed
1581 2918 1713 2985 domina
1742 2942 1866 3007 procax
1897 2923 2031 2987 nimium
2067 2928 2103 2988 et

440 3025 601 3090 effrenata
628 3023 795 3111 perduxit;
824 3026 918 3090 cuius
945 3045 1053 3089 mores
1083 3024 1110 3087 si
1133 3028 1169 3087 tu
1192 3029 1282 3088 tanto
1306 3029 1453 3108 tempore
1477 3043 1550 3087 cum
1573 3022 1680 3088 famae
1705 3031 1781 3089 tuae
1805 3024 2019 3092 diminutione
2043 3032 2104 3091 aut

440 3129 623 3193 voluntarie
647 3135 703 3192 aut
726 3129 927 3194 necessitate
951 3133 1137 3214 supportas,
1168 3126 1249 3191 alios
1273 3127 1405 3190 noveris
1429 3145 1491 3190 neo
1514 3127 1599 3190 velle
1624 3126 1709 3191 ferre
1733 3149 1795 3193 nec
1819 3150 1894 3195 csse
1918 3135 2102 3196 contentos.

388 3237 409 3296 4
440 3253 516 3298 nam
540 3231 626 3317 quod
650 3230 765 3297 scribis
789 3239 821 3297 te
838 3240 926 3298 metu
942 3232 1085 3297 hostium
1102 3230 1256 3296 hebetem
1272 3231 1404 3312 lactum,
1428 3231 1544 3295 timere
1561 3230 1689 3295 hostem
1704 3253 1770 3296 non
1788 3231 1888 3298 debet
1905 3240 2101 3306 extraneum

441 3336 495 3423 qui
518 3336 687 3401 consucvit
711 3336 873 3401 sustinere
896 3334 1124 3402 domesticum.
2132 3354 2158 3394 aa

542 3594 607 3650 dut
626 3625 658 3634 -
677 3594 694 3646 5
712 3594 866 3664 praesentia]
889 3596 953 3648 bace
976 3613 1007 3647 ea
1028 3595 1139 3661 spirata
1159 3611 1225 3660 quoe
1250 3595 1344 3646 dicitu
1362 3593 1450 3648 Seueri
1473 3595 1505 3647 de
1526 3595 1615 3646 ultimo
1639 3596 1734 3648 iudicio
1752 3603 1800 3649 cl
1819 3598 1869 3663 (ad
1887 3597 1970 3648 Halm
1985 3615 2013 3664 p.
2026 3598 2105 3663 219):

441 3684 510 3749 quod
532 3685 596 3735 meis
614 3684 680 3735 votis
704 3691 730 3734 et
750 3683 909 3735 orationibus
926 3683 978 3734 tuis
1001 3683 1033 3733 de
1057 3688 1144 3732 nostra
1166 3699 1213 3733 nos
1239 3684 1351 3733 fructum
1375 3683 1451 3734 faciat
1476 3698 1566 3749 capere
1587 3684 1745 3750 praesentia,
1769 3685 1897 3750 carcubio
1918 3701 1971 3736 erre
1993 3683 2105 3751 Beluae,

441 3767 621 3833 M'ssccllcaee,
638 3769 729 3837 Procf.
742 3771 851 3831 censuit·
869 3771 903 3837 cf.
916 3786 998 3835 supro
1011 3768 1036 3831 J,
1050 3771 1079 3818 16
1165 3767 1182 3818 5
1200 3769 1388 3819 instinctumG
1440 3769 1579 3820 nultumG
1666 3766 1837 3837 lcolnmnis]
1850 3772 1884 3838 cf.
1897 3771 2006 3824 Forma.
2020 3789 2105 3822 corna.

442 3855 463 3906 Ι
466 3855 494 3920 V,
509 3861 533 3920 a,
550 3861 578 3906 11
585 3875 593 3908 :
618 3863 731 3924 tempore
753 3857 864 3924 quisque
886 3873 933 3908 suo
957 3855 1068 3906 fundana
1090 3855 1132 3921 pia
1153 3856 1248 3922 templa
1270 3856 1370 3922 patroni
1386 3851 1389 3921 l
1406 3856 1454 3906 iste
1477 3855 1610 3920 (Itur-icius
1632 3845 1728 3920 emtor)
1749 3859 1901 3924 Augustini,
1924 3858 2039 3908 condidit
2059 3859 2106 3909 ille

443 3939 552 4006 ficator)
569 3942 640 3994 Petri
749 3938 784 3993 14
801 3949 899 4009 partem
916 3941 1053 4007 ramperti
1122 3937 1210 4006 qnam]
1227 3941 1258 4005 G,
1276 3942 1395 4007 expirayit
1413 3939 1556 3992 Mommsen
1667 3941 1698 3992 16
1717 3943 1849 3994 delebittl
1918 3943 2066 3996 imnemoris
2081 3943 2107 3995 a

442 4024 500 4094 nos]
519 4028 606 4080 nosti
711 4026 743 4078 19
761 4028 837 4079 uallis
853 4027 876 4078 G
979 4024 1234 4078 23u01unariaeo
1337 4023 1372 4076 24
1390 4027 1409 4078 ti
1431 4027 1454 4077 0
1522 4033 1593 4080 metu
1612 4026 1737 4095 hostium]
1756 4030 1790 4097 cf.
1806 4029 1880 4095 Orep.
1899 4029 1959 4080 liar.
1978 4029 2035 4080 bist.
2054 4028 2104 4081 Fr.

444 4111 482 4176 X,
499 4116 545 4165 31.-
570 4121 597 4164 et
617 4114 650 4165 ob
673 4114 740 4164 hanc
761 4130 866 4165 causam
889 4114 932 4165 hic
955 4114 1070 4180 pontifex
1089 4119 1226 4179 suspectus
1244 4113 1348 4164 habitus
1365 4131 1381 4164 a
1399 4113 1502 4178 Gothis,
1525 4116 1594 4179 quod
1611 4132 1639 4166 se
1657 4117 1815 4168 Francorum
1833 4117 1973 4168 ditionibus
1991 4116 2106 4169 subdere

442 4199 534 4264 vellet,
558 4199 627 4266 apud
644 4201 736 4252 urbem
754 4201 893 4251 Tholoaam
915 4199 992 4252 axilio
1010 4199 1225 4266 condempnatus,
1248 4200 1275 4250 in
1293 4215 1323 4250 eo
1342 4199 1405 4250 obiit
1490 4201 1611 4252 habetem
1632 4202 1655 4252 0
1776 4199 2005 4269 ascomannos]
2026 4204 2105 4254 linit.

443 4287 586 4338 FINIUN'I'
604 4287 770 4337 EPISTULE
788 4287 901 4338 DOMNI
918 4286 1048 4336 RURIOII
1066 4285 1219 4336 EPISCOPI
1237 4285 1450 4336 LEMOUlCENl
1469 4285 1572 4338 addet
