4634 6458
800 381 908 437 uranu
927 381 988 448 Vll,
1007 383 1039 436 14
1052 383 1069 449 ὅ
1082 383 1116 436 10
1133 411 1165 420 -
1186 381 1218 436 17
1231 383 1247 449 ᾗ
1259 385 1282 436 ⁴2.
1807 389 1866 451 123

208 565 245 622 ut
260 557 499 623 sollicitudines
515 557 605 644 ipsas
621 575 745 642 angore
762 553 916 622 succiduo
934 560 1176 636 concatenatas,
1200 555 1255 640 qui
1272 555 1464 621 exhortator
1478 563 1640 638 attenuas,
1664 559 1866 624 intercessor

209 660 348 726 incidas!
384 659 424 726 de
449 667 570 742 cetero,
600 659 736 725 libertos
760 665 834 728 tuos
866 658 974 724 causis
1004 677 1085 745 quas
1109 658 1300 724 iniunxeras
1332 658 1496 745 expeditis
1525 662 1646 727 reverti
1668 669 1757 748 puto,
1782 683 1863 748 quos
1896 663 1917 725 2

208 767 254 830 ita
278 772 411 830 suenus
440 770 569 829 constat
597 784 666 827 rem
694 763 876 850 peregisse,
914 769 950 828 ut
979 783 1040 828 nec
1070 761 1222 847 eguerint
1250 761 1407 828 adiuvari.
1453 785 1511 849 per
1534 784 1615 850 quos
1638 766 1862 829 nocturnalem

210 871 384 951 cucullum,
408 891 471 955 quo
494 868 641 960 membra
664 868 814 933 confecta
837 868 969 934 ieiuniis
992 868 1078 934 inter
1097 866 1255 932 orandum
1276 866 1527 952 cubandumque
1551 867 1727 953 dignanter
1741 874 1865 954 tegare,

171 990 182 1024 ι
210 974 386 1052 transmisi,
410 993 607 1059 quamquam
629 992 694 1037 non
718 977 900 1058 opportune
924 971 1055 1057 species
1078 971 1196 1035 villosa
1218 970 1366 1036 mittatur
1389 970 1497 1036 hieme
1517 970 1609 1036 finita
1632 971 1764 1056 iamque
1785 978 1867 1037 tern-

210 1078 346 1166 poribus
369 1076 507 1142 aestatis
530 1075 877 1163 appropinquantibus.
922 1074 1007 1139 vale.
1036 1069 1037 1072 ’

987 1470 1099 1538 XVII.

574 1625 786 1692 SIDONIUS
810 1624 1072 1691 VOLUSIANO
1095 1626 1265 1692 FRATRI
1289 1624 1515 1693 SALUTEM,

340 1764 439 1858 Iunas
461 1811 524 1871 me,
559 1790 691 1856 domine
714 1788 824 1868 frater,
860 1789 935 1874 lege
966 1791 1141 1873 amicitiae,
1177 1812 1272 1877 quam
1304 1791 1398 1858 nefas
1428 1789 1526 1872 laedi,
1557 1791 1623 1855 iam
1652 1790 1709 1855 diu
1732 1790 1865 1856 desides
1900 1796 1914 1854 1

211 1897 331 1984 digitos
358 1894 531 1961 incudibus
560 1895 712 1959 officinae
743 1893 864 1958 veteris
894 1893 1063 1979 imponere
1092 1903 1125 1960 et
1157 1901 1269 1962 sancto
1292 1895 1446 1962 Abrahae
1475 1894 1562 1961 diem
1590 1896 1702 1960 functo
1733 1897 1865 1960 neniam

159 2016 185 2054 1⁰
210 1999 451 2087 sepulchralem
477 1999 636 2065 luctuosis
666 1997 865 2064 carminibus
895 1996 1087 2066 inscribere.
1134 2000 1287 2074 celeriter
1322 1999 1476 2082 iniunctis
1512 1998 1760 2082 obsecundabo,
1791 2021 1863 2065 cum
1958 2075 1959 2078 Ἴ

210 2112 268 2170 tua
295 2111 417 2169 tractus
448 2103 652 2184 auctoritate,
685 2107 755 2166 tum
785 2101 1011 2188 principaliter
1038 2104 1233 2190 amplissimi
1269 2104 1330 2168 viri
1353 2103 1493 2168 Victorii
1528 2103 1656 2169 comitis
1691 2101 1865 2168 devotione

209 2214 420 2294 praeventus,
450 2227 547 2292 quem
570 2206 640 2271 iure
665 2206 826 2271 saeculari
853 2211 1037 2291 patronum,
1068 2207 1137 2272 iure
1161 2207 1387 2273 ecclesiastico
1416 2207 1515 2272 filium
1540 2207 1656 2271 excolo
1685 2213 1722 2270 ut
1750 2207 1864 2288 cliens,

128 2345 133 2352 ·
210 2320 248 2378 ut
269 2318 364 2398 pater
386 2310 503 2396 diligo;
527 2309 582 2395 qui
603 2308 683 2375 satis
704 2309 825 2390 docuit,
849 2330 934 2395 quae
951 2309 1013 2374 sibi
1030 2316 1087 2376 aut
1103 2311 1209 2396 qualis
1226 2332 1305 2397 erga
1322 2311 1461 2376 famulos
1478 2309 1602 2375 Christi
1617 2331 1697 2375 cura
1712 2311 1865 2393 ferveret,

211 2437 285 2481 oum
307 2421 414 2480 torum
438 2415 522 2479 circa
547 2412 776 2480 decumbentis
800 2414 967 2494 antistitis,
991 2435 1057 2478 non
1080 2413 1274 2500 dignitatem
1296 2415 1403 2479 minus
1424 2434 1521 2501 quam
1543 2413 1692 2484 membra
1713 2422 1865 2480 curvatus

159 2535 183 2572 1⁵
210 2541 249 2585 ac
273 2539 372 2604 supra
395 2518 523 2582 vultum
545 2517 729 2604 propinqua
752 2522 857 2582 morte
886 2517 1067 2603 pallentem
1096 2517 1210 2584 dolore
1239 2518 1393 2584 concolor
1424 2517 1647 2611 factusmquid
1669 2518 1739 2582 viro
1763 2519 1865 2584 vellet

210 2622 354 2692 lacrimis
378 2620 544 2710 indicibus.
563 2619 763 2686 ostenderet.
802 2627 836 2686 ct
859 2622 935 2706 quia
958 2621 1021 2686 sibi
1045 2622 1206 2687 maximas
1231 2621 1662 2710 humandi-funerispartes
1682 2623 1753 2708 ipse
1769 2642 1865 2708 prae·
1897 2624 1918 2686 2

211 2727 321 2814 ripuit,
353 2731 457 2790 toturn
480 2730 640 2812 apparatu
664 2726 927 2811 supercurrentis
957 2724 1113 2811 impendii
1144 2726 1231 2811 quod
1258 2722 1439 2791 funerando
1471 2725 1635 2791 sacerdoti
1664 2731 1866 2811 competeret

210 2829 411 2917 impertiens,
442 2829 552 2893 saltim
580 2827 621 2894 ad
645 2828 839 2913 obsequium
863 2850 948 2914 quae
971 2837 1201 2895 remanserunt
1224 2830 1325 2896 verba
1349 2830 1557 2910 conferimus,
1588 2828 1670 2894 nihil
1693 2828 1781 2894 aliud
1806 2850 1864 2894 ex-

210 2933 332 3000 araturi
356 2934 422 2998 stili
447 2934 626 3021 scalpentis
656 2934 820 3018 impressu
852 2954 951 3018 quam
982 2934 1204 3000 testimonium
1235 2940 1367 3001 mutuae
1395 2932 1590 3000 dilectionis.
1636 2932 1867 2998 ceterum‘viri

157 3055 183 3092 ²⁰
212 3060 320 3104 mores
343 3043 439 3122 gesta
461 3037 600 3104 uirtutes
624 3037 854 3124 indignissime
876 3059 1023 3103 meorum
1047 3038 1172 3103 vilitate
1196 3038 1356 3104 dictorum
1379 3038 1656 3126 ponderabuntur.

577 3141 745 3207 Abraham
769 3142 891 3207 sanctis
915 3142 1030 3208 merito
1054 3141 1208 3208 sociande
1232 3143 1388 3229 patronis,

623 3265 704 3330 quos
727 3245 787 3310 tibi
811 3246 958 3331 collegas
982 3245 1093 3312 dicere
1117 3267 1182 3312 non
1205 3246 1383 3335 trepidem;

575 3371 650 3416 nam
675 3351 721 3416 sic
744 3351 957 3437 praecedunt,
980 3358 1016 3416 ut
1038 3373 1116 3418 mox
1139 3358 1250 3420 tamen
1273 3354 1345 3440 ipse
1368 3372 1524 3438 sequare:

623 3454 679 3520 dat
701 3462 828 3540 partem
852 3456 946 3540 regni
969 3457 1076 3542 portio
1099 3456 1258 3541 martyrii.

531 3574 542 3609 r.
574 3566 671 3624 natus
694 3559 736 3625 ad
758 3559 962 3646 Euphraten,
986 3581 1045 3646 pro
1070 3559 1201 3625 Christo
1225 3561 1392 3646 ergastula
1414 3581 1530 3648 passus

622 3671 656 3728 et
678 3665 913 3750 quinquennali
938 3665 1068 3730 vincula
1090 3665 1168 3730 laxa
1190 3665 1287 3741 fame,

574 3768 706 3855 elapsus
729 3769 801 3854 regi
823 3771 1009 3842 truculento
1035 3767 1164 3840 Susidis
1187 3789 1263 3833 orae

621 3872 792 3937 occiduum
815 3894 973 3961 properas
998 3874 1088 3938 solus
1112 3871 1280 3957 adusque
1304 3871 1419 3936 solum.

515 4057 518 4064 γ
574 3972 633 4039 sed
656 3976 881 4042 confessorem
902 3977 1060 4042 virtutum
1084 3976 1178 4061 signa
1202 3980 1382 4060 sequuntur

486 4111 490 4116 ·
517 4095 542 4131 10
626 4079 862 4167 spiritibusque
885 4081 980 4146 malis
1003 4080 1081 4159 fers,
1105 4079 1253 4165 fugitive,
1278 4079 1397 4163 fugam.

573 4204 702 4271 quaque
725 4185 830 4266 venis,
854 4185 1034 4251 Lemurum
1058 4207 1093 4250 se
1118 4185 1237 4250 clamat
1261 4181 1380 4247 cedere
1404 4181 1518 4255 turba;

620 4286 798 4354 daemonas
821 4289 869 4354 ire
892 4288 986 4354 iubes
1011 4289 1088 4354 exul
1112 4288 1145 4353 in
1170 4287 1319 4354 exilium.

311 4597 325 4649 1
344 4617 459 4668 anguore
473 4600 504 4650 M
508 4599 581 4652 TFP
638 4603 840 4654 concathenctas
853 4601 883 4654 F
974 4599 991 4652 2
1009 4550 1105 4654 liboris
1117 4600 1151 4651 Μ
1155 4601 1164 4632 ¹
1227 4607 1283 4652 tuto
1296 4600 1322 4651 P
1413 4596 1431 4650 4
1448 4597 1580 4652 cucullum
1598 4596 1674 4663 TOF,
1691 4597 1820 4650 cocullum
1834 4594 1867 4659 L,

204 4721 323 4772 coculam
340 4721 403 4786 MP,
428 4719 813 4774 1οιιιιιι11ιιιιιε.ιιιάά.Μ1
907 4723 1025 4790 dignator
1041 4723 1069 4774 F
1192 4720 1210 4774 ὃ
1232 4738 1379 4788 quanquam
1396 4720 1483 4771 ΕΜΓ
1569 4725 1695 4786 oportune
1712 4715 1867 4768 LMFOFP

103 4852 106 4858 ·
204 4841 439 4923 villosammittatur
457 4840 496 4891 L¹
615 4838 769 4896 'ISidonius
787 4850 811 4894 ct
827 4842 939 4896 salutem
957 4859 1006 4894 om.
1020 4841 1048 4892 F
1108 4843 1252 4916 ,suarm
1270 4841 1409 4905 LMTFP,
1427 4839 1529 4892 SVOO
1642 4835 1807 4890 Samiciciao
1820 4835 1869 4890 OF

202 4971 260 5029 post
285 4965 357 5014 nefas
384 4963 431 5027 lep.
455 4969 495 5014 est
516 4963 545 5014 in
567 4960 635 5014 FOP
654 4969 677 5014 at
702 4979 721 5014 a.
741 4963 804 5016 1.·ιή
821 4963 855 5014 M
859 4963 867 4993 ¹
1009 4961 1027 5013 9
1051 4919 1144 5016 oralia
1163 4961 1193 5014 Μ
1198 4962 1206 4994 ¹
1312 4963 1379 5016 diem
1403 4961 1438 5026 (m
1461 4977 1527 5012 arca.
1543 4957 1602 5026 Μ’)
1620 4956 1710 5024 LMT,
1734 4959 1775 5010 die
1795 4956 1867 5010 OFP

203 5084 325 5136 defuncto
344 5082 373 5133 F
455 5083 558 5135 renim
576 5082 601 5134 L
724 5082 758 5136 10
779 5085 948 5152 sepulcralem
968 5084 1018 5137 OF
1135 5081 1165 5136 11
1191 5084 1326 5137 dovotioni
1345 5082 1371 5134 P
1491 5079 1524 5132 13
1546 5097 1609 5134 cura
1631 5098 1698 5131 corr.
1716 5095 1748 5131 err
1764 5083 1797 5132 etl
1816 5078 1849 5130 Μ
1855 5078 1864 5110 ¹

205 5203 358 5256 fenerate
463 5201 497 5254 14
514 5204 617 5256 thorum
636 5203 765 5256 MTOFP
833 5207 979 5261 autistisC
1044 5205 1150 5260 bambrn
1167 5203 1193 5256 L
1304 5202 1336 5256 lb
1353 5201 1533 5271 pallantamL
1639 5199 1672 5252 16
1690 5200 1820 5254 iudicibus
1837 5198 1866 5250 F

204 5321 237 5375 17
255 5333 339 5378 totum
358 5341 378 5376 s.
391 5325 408 5375 l.
421 5324 485 5376 add.
497 5324 532 5375 M
536 5325 544 5356 ¹
616 5331 769 5394 apparatum
782 5325 817 5376 Μ
918 5325 951 5378 18
969 5327 1049 5380 nichil
1061 5324 1195 5379 MTOFP
1299 5321 1333 5375 19
1350 5323 1488 5376 dilictiouis
1500 5321 1525 5372 L
1635 5338 1660 5373 v.
1674 5319 1689 5372 1
1708 5321 1813 5373 brshsm
1826 5319 1850 5372 F
1856 5338 1865 5380 ;

204 5446 311 5511 itemque
332 5453 472 5498 ceterorum
489 5464 527 5498 rar.
535 5447 639 5512 primae
656 5464 770 5514 pilaeque
789 5447 834 5500 lia.
848 5447 941 5500 darual
1007 5448 1123 5501 sotianda
1136 5446 1165 5497 F
1272 5441 1327 5498 v.2
1344 5446 1455 5512 trepidus
1467 5443 1496 5496 F
1597 5460 1622 5496 v.
1634 5440 1651 5496 4
1669 5442 1777 5495 martirii
1788 5440 1867 5492 MOP

206 5583 229 5618 v.
250 5565 267 5618 5
289 5567 408 5618 eufraten
427 5565 556 5616 MTC'FP
675 5583 699 5617 v.
718 5565 735 5616 6
758 5567 926 5633 quinquennii
945 5567 969 5618 L
1096 5584 1120 5617 v.
1139 5563 1154 5616 'l
1176 5565 1280 5616 suendis
1305 5563 1363 5629 (au.
1382 5581 1399 5614 n
1418 5581 1485 5614 corr.
1503 5563 1531 5615 ia
1549 5564 1557 5614 i
1576 5562 1636 5629 M1)
1648 5562 1687 5626 M,
1710 5562 1822 5614 subsidia
1840 5561 1870 5612 F

205 5687 282 5739 horse
300 5687 380 5738 Mor
480 5705 504 5738 v.
524 5685 541 5738 8
559 5687 718 5738 occidumO
819 5705 843 5737 v.
862 5685 879 5738 9
897 5695 923 5739 et
941 5685 970 5738 F
1035 5686 1208 5754 sequnturF
1309 5701 1334 5734 v.
1354 5681 1389 5734 10
1405 5683 1536 5751 spiritibus
1555 5681 1615 5748 (cm.
1634 5681 1695 5749 quo)
1715 5681 1741 5732 P

1606 5801 1659 5853 16*
