4642 6488
451 451 492 512 56
1070 439 1208 496 SIDONII
1225 439 1485 496 EPISTULARUM

451 625 648 705 percontere
671 616 749 702 quid
773 617 929 701 sentiam,
953 613 1165 680 commaticus
1190 619 1242 680 est
1265 615 1433 700 copiosus,
1465 613 1569 679 dulcis
1593 615 1717 692 clatus,
1741 619 1776 678 et
1798 612 1962 699 quoslibet
1984 613 2104 698 lyricos

450 720 675 808 dithyrambos
698 721 895 785 amoenitate
919 720 1050 806 poetica
1072 727 1106 784 et
1128 718 1286 783 historica
1308 719 1447 783 varitate
1479 717 1709 803 supereminet.
1755 717 1854 803 idque
1877 724 1969 782 tuum
1992 719 2025 782 in
2049 719 2104 781 illo

451 826 628 910 peculiare,
653 824 739 911 quod
756 825 895 890 servatis
913 829 1091 888 metrorum
1114 819 1254 907 pedibus
1278 820 1398 907 pedum
1421 821 1557 906 syllabis
1581 821 1847 908 syllabarumque
1869 822 1997 886 naturis
2019 822 2104 885 intra

409 959 411 963 ¹
451 930 547 1014 spatii
576 929 626 994 sui
655 922 829 993 terminum
860 927 963 992 verba
991 925 1071 990 ditia
1094 946 1209 990 versus
1238 945 1364 1010 pauper
1390 923 1529 989 includit
1560 945 1622 990 neo
1653 926 1750 990 artati
1779 925 1932 990 carminis
1960 923 2104 989 brevitas

450 1032 687 1118 longitudinem
713 1030 873 1117 phalerati
905 1030 1065 1094 sermonis
1094 1030 1255 1102 eliminat;
1288 1030 1334 1094 ita
1361 1028 1422 1093 tibi
1452 1029 1549 1093 facile
1578 1029 1667 1094 factu
1697 1035 1749 1094 est
1777 1028 1911 1093 minutis
1940 1028 2105 1093 trochaeis
2145 1047 2156 1082 ⁵
2266 1013 2306 1066 ΓΝ

451 1136 745 1224 minutioribusque
769 1134 964 1220 pyrrhichiis
987 1151 1052 1198 non
1076 1134 1181 1197 solum
1210 1133 1402 1197 molossicas
1431 1134 1723 1218 anapaesticasque
1754 1133 1915 1198 ternarias
1946 1132 2004 1197 sed
2035 1133 2103 1218 epi-

426 1241 604 1305 9tritorum
636 1239 733 1304 etiam
764 1258 992 1324 paeonumque
1023 1242 1236 1322 quaternatas
1267 1236 1479 1323 supervenire
1507 1237 1684 1303 iuncturas.
1734 1237 1898 1303 excrescit
1925 1235 2105 1321 amplitudo

450 1343 613 1427 proloquii
649 1343 819 1428 angustias
855 1341 1025 1425 regulares
1058 1347 1092 1405 et
1122 1347 1286 1424 tamquam
1319 1361 1421 1425 parvo
1457 1360 1536 1404 auro
1571 1340 1704 1426 grandis
1734 1362 1864 1426 gemma
1894 1340 1949 1404 vix
1979 1339 2106 1424 capitur

453 1447 635 1532 emicatque
658 1454 694 1512 ut
717 1448 793 1532 equi
816 1445 959 1531 potentis
982 1443 1195 1522 animositas,
1219 1443 1271 1507 eui
1294 1442 1464 1524 frementi,
1494 1443 1520 1506 si
1544 1444 1630 1508 inter
1653 1451 1770 1530 tesqua
1788 1444 1841 1509 rel
1863 1443 2019 1528 confraga
2041 1443 2106 1506 fre-

453 1571 566 1614 norum
591 1552 665 1636 lege
687 1557 854 1630 teneatur,
879 1547 1044 1632 intellegis
1067 1568 1132 1611 non
1156 1554 1222 1611 tam
1246 1567 1376 1610 cursum
1400 1547 1516 1612 deesse
1541 1569 1636 1633 quarn
1661 1569 1822 1634 campum.
1868 1547 1945 1633 quid
1969 1547 2103 1611 multis?
2129 1553 2157 1600 '1⁰

448 1654 573 1718 arbitro
597 1677 649 1720 me
672 1656 704 1720 in
727 1663 864 1739 utroque
888 1675 1010 1738 genere
1034 1651 1163 1718 dicendi
1187 1673 1248 1717 nec
1271 1651 1422 1716 Athenae
1447 1652 1494 1715 sio
1517 1650 1648 1717 Atticae
1671 1673 1733 1716 nec
1749 1650 1864 1716 Musae
1889 1652 1936 1716 sic
1959 1651 2104 1716 musicae

451 1756 697 1836 iudicabuntur,
725 1759 753 1823 si
781 1757 876 1822 modo
905 1757 983 1820 mihi
1016 1757 1067 1821 vel
1097 1754 1252 1820 censendi
1282 1755 1409 1840 copiam
1440 1755 1567 1820 desidia
1595 1757 1724 1841 longior
1753 1777 1818 1820 non
1847 1755 1978 1820 ademit.
2030 1776 2104 1818 nam

452 1859 528 1950 dum
552 1862 701 1946 inpactae
726 1861 941 1947 professionis
965 1860 1101 1925 obtentu
1125 1881 1244 1924 novum
1268 1858 1432 1923 scribendi
1448 1880 1571 1924 morem
1591 1859 1752 1945 gradatim
1771 1866 1891 1946 appeto
1909 1843 2103 1924 et'vetcrem

409 1989 411 1996 ’
452 1965 616 2029 saltuatim
641 1965 789 2042 dedisco,
820 1964 861 2029 de
892 1966 978 2030 bono
1009 1969 1140 2028 oratore
1172 1963 1217 2027 nil
1247 1964 1387 2049 amplius
1417 1964 1524 2029 habeo
1547 1985 1644 2049 quarn
1668 1963 1754 2051 quod
1783 1965 1887 2028 malus
1911 1969 2007 2050 poeta
2031 1985 2104 2028 csse

403 2069 523 2154 lOplus
547 2068 649 2153 coepi.
694 2069 802 2153 proin,
827 2089 966 2153 quaeso,
999 2066 1109 2132 delicti
1133 2065 1229 2131 buius
1253 2066 1332 2130 mihi
1354 2067 1492 2152 gratiam
1515 2068 1633 2147 facias,
1665 2067 1753 2154 quod
1783 2068 2018 2154 aliquantisper
2039 2069 2103 2131 mei
2133 2081 2156 2119 ¹³

452 2157 635 2236 meminens
657 2178 805 2237 arentem
830 2172 981 2237 venulam
1005 2171 1109 2235 rarius
1132 2171 1256 2234 flumini
1285 2175 1341 2235 tuo
1365 2172 1509 2236 misceo.
1552 2179 1640 2235 tuam
1669 2172 1781 2236 tubam
1810 2177 1896 2236 totus
1921 2192 1986 2256 qua
2014 2177 2106 2255 patet

452 2275 540 2340 orbis
564 2276 635 2364 iure
660 2277 878 2357 venerabitur,
903 2297 1000 2361 quam
1024 2282 1153 2340 constat
1167 2276 1334 2361 geminata
1350 2276 1507 2341 felicitate
1525 2277 1696 2356 cecinisse,
1720 2275 1848 2362 quando
1865 2295 1927 2340 nec
1942 2274 2105 2339 aemulum

452 2381 595 2464 repperit
618 2402 680 2445 nec
702 2381 890 2464 aequalem,
922 2401 995 2443 cum
1025 2378 1151 2465 pridem
1184 2401 1280 2444 aures
1304 2386 1338 2445 et
1360 2402 1418 2445 ora
1440 2382 1632 2468 populorum
1656 2402 1709 2446 me
1733 2381 1831 2446 etiarn
1855 2379 2104 2445 circumferente

407 2503 409 2512 ’
450 2489 696 2568 pervagaretur.
741 2483 836 2548 nobis
859 2491 969 2548 autem
993 2482 1126 2567 grandis
1150 2483 1303 2563 audacia,
1334 2485 1362 2549 si
1389 2485 1441 2548 vel
1471 2483 1558 2570 apud
1588 2485 1801 2571 municipales
1826 2482 2105 2548 etoathedrarios

454 2592 601 2651 oratores
617 2575 837 2652 aut'forenses
861 2587 992 2651 rabulas
1016 2587 1208 2672 garriamus,
1233 2589 1287 2674 qui
1309 2589 1408 2653 etiam
1430 2610 1504 2653 cum
1521 2596 1686 2675 perorant,
1710 2589 1800 2652 salva
1823 2609 1904 2674 pace
1927 2588 2103 2672 potiorum,
2131 2593 2158 2633 ²⁰

455 2689 551 2754 turba
567 2675 771 2756 numerosior
793 2691 1065 2776 illitteratissimis
1089 2692 1208 2757 litteris
1224 2699 1351 2760 vacant.
1398 2714 1472 2756 nam
1495 2700 1538 2770 te,
1563 2694 1625 2774 cui,
1650 2714 1709 2757 seu
1732 2693 1872 2757 liberum
1896 2713 1955 2755 seu
1971 2691 2106 2774 ligatum

455 2792 584 2876 placeat
613 2795 776 2860 alternare
809 2816 1008 2874 sermonem,
1042 2795 1192 2862 intonare
1222 2798 1425 2862 ambifariam
1454 2798 1612 2883 suppetit,
1647 2797 1792 2883 pauci,
1828 2817 1924 2882 quos
1958 2816 2106 2880 aequus

452 2897 616 2978 amavit,
641 2897 862 2965 imitabuntur.
907 2899 992 2964 vale.

1248 3186 1307 3252 IV.

672 3341 885 3423 SIDONIUS
910 3358 1139 3424 SIMPLICIO
1163 3359 1221 3423 ET
1244 3359 1524 3424 APOLLINARI
1548 3359 1647 3425 suls
1673 3360 1892 3427 SALUTEM.

407 3498 439 3556 ¹l
562 3473 680 3580 Eccum
716 3506 767 3568 rel
800 3504 945 3569 tandem.
963 3505 1058 3570 adest
1084 3506 1257 3591 promissio
1287 3527 1376 3587 mea,
1408 3509 1595 3592 expectatio
1627 3515 1755 3588 vestra,
1788 3508 1981 3586 Faustinus,
2012 3517 2108 3595 pater
2133 3524 2158 3563 2⁵

453 3607 594 3670 familias
617 3606 704 3672 domi
728 3608 849 3673 nobilis
872 3615 905 3672 et
928 3609 1013 3672 inter
1035 3609 1179 3673 maxima
1200 3610 1325 3694 patriae
1353 3611 1418 3675 iam
1442 3612 1522 3676 mihi
1551 3612 1678 3697 sibique
1711 3613 1890 3677 communis
1916 3619 2108 3676 ornamenta

454 3709 683 3776 numerandus.
729 3712 783 3776 hic
806 3733 898 3776 meus
921 3712 1023 3777 frater
1039 3713 1195 3777 natalium
1215 3714 1390 3800 parilitate,
1415 3716 1539 3780 amicus
1554 3717 1736 3780 animorum
1754 3714 1982 3784 similitudine:
2007 3737 2107 3800 saepe

457 3887 678 3896 ..η-*η*

557 4003 592 4055 22
610 4001 715 4072 Vergil.
733 4003 801 4058 Aen.
821 4004 868 4068 VI,
888 4004 948 4058 129.
1053 4037 1054 4040 =

561 4155 575 4208 l
594 4167 744 4226 percantare
764 4157 801 4226 F,
819 4168 985 4230 percunctare
1003 4161 1029 4212 P
1110 4165 1249 4215 comaticns
1272 4164 1297 4214 Τ
1370 4166 1456 4217 liricos
1476 4164 1524 4217 OF
1631 4163 1824 4233 2dityrambos
1840 4167 1880 4230 Μ,
1896 4162 2114 4236 ἀίιίιιωδοεΙΟΜ

455 4281 577 4332 historica
594 4279 635 4344 (ca
651 4280 680 4331 ἐπ
697 4298 750 4332 ruo.
769 4282 801 4332 Μ
807 4281 828 4346 ¹)
847 4282 885 4347 Μ,
902 4283 1004 4334 istorica
1024 4284 1047 4334 0
1167 4283 1183 4335 3
1201 4287 1310 4338 servatis
1327 4287 1370 4348 (tis
1388 4288 1487 4360 intras.
1507 4286 1540 4336 M
1546 4285 1566 4352 ¹)
1585 4287 1620 4337 Μ
1696 4288 1793 4339 sillabis
1813 4288 2014 4354 sillabarumqus
2033 4285 2114 4337 MOF

455 4397 528 4453 stur
539 4397 571 4452 F
671 4399 689 4450 5
707 4401 805 4454 falerati
815 4401 848 4452 Μ
851 4398 946 4453 Tes'P
1012 4411 1069 4470 post
1085 4404 1121 4454 ita
1138 4405 1186 4468 lep.
1204 4410 1234 4455 nt
1250 4404 1278 4456 in
1291 4400 1322 4455 F
1387 4413 1413 4458 at
1431 4407 1612 4459 minutioribus
1631 4407 1689 4469 (om.
1709 4405 1806 4474 qualo
1906 4406 2106 4474 lipyrrichiisL

455 4522 600 4589 pirrbichiis
619 4520 714 4588 (prior.
732 4523 741 4572 i
759 4541 827 4574 corr.
845 4524 874 4574 ia
891 4541 908 4589 y
927 4521 980 4590 1³¹)
999 4524 1033 4588 P,
1060 4525 1186 4592 pirricbiis
1209 4523 1280 4577 ΊὉΜ
1375 4527 1519 4580 mollosicas
1540 4523 1577 4592 F,
1594 4529 1741 4581 molossicas
1760 4528 1858 4595 (prior.
1876 4546 1890 4580 s
1908 4546 1975 4580 eros.
1994 4529 2027 4578 Μ
2032 4529 2054 4594 ¹)
2072 4530 2110 4592 Μ,

456 4641 632 4695 molosicasO
713 4651 771 4708 post
787 4660 813 4708 ες
832 4644 878 4710 leg.
898 4640 914 4692 3
933 4644 961 4695 in
983 4643 1008 4694 T
1089 4646 1254 4713 epitrstorum
1272 4647 1297 4697 L
1419 4644 1434 4698 7
1452 4655 1591 4714 quaternas
1610 4649 1645 4700 Μ
1646 4649 1740 4701 Tuus>
1857 4647 2014 4716 uunquam
2032 4650 2113 4702 Mus*

455 4763 472 4815 9
490 4764 621 4816 frementis
640 4761 664 4827 (s
681 4781 748 4816 eras.
766 4763 818 4829 ΕΙ)
839 4763 861 4814 L
929 4773 1019 4832 tesqua
1037 4765 1086 4830 (tes
1103 4767 1131 4820 ia
1149 4785 1202 4821 ros.
1224 4764 1262 4819 M
1266 4768 1285 4834 ¹)
1307 4764 1344 4819 Μ
1449 4768 1483 4820 10
1500 4771 1624 4838 intelligis
1642 4770 1676 4820 M
1678 4769 1771 4821 Toup
1838 4786 1943 4822 cursum
1962 4787 2068 4822 cursum
2086 4771 2111 4821 L

460 4883 491 4935 ll
510 4885 624 4937 discendi
643 4883 672 4936 F
734 4886 855 4939 sathanas
874 4887 902 4948 (h
919 4895 947 4936 ut
963 4903 986 4938 o.
1004 4905 1070 4939 erar.
1092 4887 1140 4953 θ’)
1160 4889 1183 4941 0
1241 4891 1340 4942 athicus
1360 4891 1388 4955 (J,
1405 4892 1489 4944 athico
1506 4891 1564 4941 MP
1614 4909 1662 4943 nec
1680 4907 1752 4943 musa
1769 4893 1797 4942 tr'r
1815 4891 1913 4942 musico
1930 4891 2112 4972 iudicabuntur

456 5010 478 5060 si
496 5007 571 5058 modo
598 5005 671 5070 (mihi
688 5003 747 5070 om.)
769 5007 811 5058 vel
834 5007 920 5059 oseem
938 5009 1036 5074 copiam
1055 5008 1151 5061 desidis
1168 5009 1273 5116 lopgior
1290 5029 1342 5064 uon
1359 5012 1455 5065 demit
1467 5019 1574 5078 praem
1593 5013 1639 5063 mit
1656 5013 1684 5063 ia
1701 4990 1755 5064 aas.
1776 5008 1818 5063 Μ’
1946 5009 1977 5062 12
1996 5014 2073 5064 michi
2093 5015 2116 5064 0

457 5125 490 5179 13
503 5153 504 5156 ¹
516 5128 641 5194 impactas
659 5121 771 5177 MOF.
844 5135 951 5195 optentu
968 5127 994 5178 L
1133 5127 1165 5181 14
1186 5131 1215 5182 nl
1234 5126 1266 5180 F
1402 5129 1436 5184 lo
1458 5133 1517 5199 plus
1540 5147 1596 5185 esse
1620 5132 1646 5182 Τ
1735 5133 1840 5200 proinde
1862 5133 1908 5186 Tu
1996 5134 2073 5185 michi
2093 5133 2116 5186 0

458 5249 490 5301 16
507 5250 650 5303 meminens
676 5247 718 5316 (ns
744 5250 773 5300 ἐπ
798 5265 852 5301 roa.
877 5249 928 5313 P¹)
944 5248 971 5301 P
1054 5250 1138 5318 patuit
1155 5246 1299 5317 LMGFP,
1324 5253 1434 5320 patuerit
1457 5252 1662 5305 Wilonsosoitaiua
1802 5251 1834 5304 l'l
1862 5273 1911 5307 nec
1936 5255 1965 5305 irs
1993 5273 2047 5306 roa.
2073 5254 2111 5304 Ρι

458 5369 491 5422 18
509 5372 581 5438 prid'e
601 5366 642 5436 Μ
665 5369 816 5437 {primns
836 5371 853 5422 ἱ.
873 5370 1108 5440 odu.n1¹,primu
1136 5371 1161 5422 T
1231 5399 1232 5402 ¹
1261 5371 1294 5424 19
1312 5374 1415 5426 audatia
1433 5371 1519 5426 MOF
1587 5382 1651 5442 aput
1667 5375 1697 5426 F
1804 5373 1840 5428 20
1857 5379 1959 5451 ravulas
1977 5372 2113 5439 LMGFP,

457 5450 561 5545 salmas
584 5491 620 5542 T²
741 5489 774 5543 21
798 5493 1007 5547 illitteratissimis
1028 5492 1059 5560 (il
1076 5493 1105 5546 ia
1120 5511 1175 5546 ror.
1194 5494 1228 5544 Μ
1230 5494 1251 5559 ¹)
1270 5495 1304 5545 Μ
1369 5495 1487 5547 intonare
1507 5495 1665 5548 ambifariam
1684 5487 1770 5550 s'tinot
1790 5514 1849 5549 narn
1867 5505 1892 5550 ta
1907 5455 1921 5549 l
1938 5515 1984 5550 ssu
2002 5499 2111 5550 liborum

457 5630 504 5665 ssu
530 5613 639 5680 ligatum
667 5611 751 5678 placat
783 5612 908 5664 alternare
940 5629 1084 5665 sermonem
1117 5613 1193 5680 pauci
1219 5629 1283 5678 quos
1314 5630 1397 5678 aquus
1427 5615 1522 5666 amavit
1554 5616 1725 5669 imitabuntur
1755 5613 1824 5681 (vals
1849 5616 1910 5684 om.)
1932 5619 1961 5670 ia
1986 5635 2039 5670 rar.
2066 5615 2109 5670 ΡΙ

1964 5696 2008 5737 quo

457 5731 491 5786 24
508 5734 699 5800 imcripts'ouem
721 5733 1052 5787 mosomensem
1120 5734 1184 5788 SVO
1202 5732 1227 5784 P
1328 5732 1363 5785 ’25
1380 5731 1571 5805 cxpectaoioG
1677 5733 1711 5787 26
1729 5733 1850 5792 michiU
1898 5740 1965 5795 sibi
2003 5735 2050 5793 Μ’
