4568 6450
428 1677 726 1800 ruuux
762 1679 1423 1800 vuuaonuruar
1461 1680 2084 1804 uoourrouuu.

1172 1877 1335 1933 scurram

996 2013 1298 2090 EDUARDUS
1326 2014 1515 2092 GRUPE.

1181 2195 1336 2204 -.—-

539 2344 575 2434 ln
604 2373 698 2434 indioe
727 2377 785 2436 hoc
812 2375 992 2436 conficiendo
1022 2381 1137 2451 praeter
1164 2376 1198 2436 P.
1221 2374 1325 2436 lloluii
1355 2374 1487 2436 libellum
1518 2375 1589 2436 scite
1611 2374 1807 2452 compositum
1833 2375 1886 2434 ‘Zu
1908 2373 2086 2452 Apollinaris

428 2475 577 2536 Sidonius'
602 2477 752 2536 Bremerh.
774 2477 855 2536 1886
878 2496 951 2536 usus
975 2497 1042 2536 sum
1058 2478 1285 2539 Kretscbmanni
1308 2478 1504 2556 disputatione
1528 2479 1581 2538 ‘De
1596 2479 1752 2538 Latinitate
1768 2478 1802 2538 G.
1820 2477 1891 2537 Solli
1907 2475 2087 2553 Apollinaris

428 2578 538 2639 Sidoni'
553 2599 580 2640 a.
600 2580 815 2639 turc-tuta
839 2580 867 2640 in
891 2581 989 2640 lucem
1012 2580 1129 2642 emissa.
1175 2581 1320 2660 Congessi
1343 2589 1442 2642 autem
1465 2602 1500 2642 ex
1517 2581 1648 2659 epistulis
1664 2580 1903 2658 carminibusque
1917 2579 2029 2640 Sidonii
2045 2575 2087 2660 (et

427 2681 571 2756 similiter,
602 2702 785 2762 quamquam
813 2668 912 2744 minus
940 2685 1052 2762 ample,
1083 2704 1119 2744 ex
1149 2684 1282 2762 epistulis
1313 2683 1425 2758 Fausti,
1456 2683 1579 2758 Ruricii,
1611 2681 1788 2765 ceterorum)
1820 2683 1921 2744 omnia
1947 2703 1982 2742 ea
2009 2702 2086 2759 quac

427 2792 496 2864 apta
511 2788 650 2864 putabam
674 2789 711 2848 ad
727 2808 895 2848 sermonem
910 2787 1131 2865 indagandum3
1156 2789 1259 2862 rarius,
1284 2808 1322 2848 ne
1336 2769 1432 2847 inutili
1448 2788 1525 2848 mole
1541 2787 1666 2848 indicem
1683 2807 1847 2860 onerarem,
1873 2785 2084 2865 proprietatum

427 2892 562 2968 exempla
576 2893 722 2970 quaedam
738 2892 892 2970 composui
907 2893 989 2952 nullo
1005 2891 1124 2969 negotio
1140 2892 1286 2970 augenda.
1324 2891 1497 2952 Accuratius
1513 2898 1613 2952 autem
1629 2911 1697 2952 cum
1714 2891 1778 2952 aliis
1794 2899 1857 2951 tum
1873 2889 2083 2967 particularum

428 2993 492 3054 usui
516 3015 551 3054 ex
575 2995 673 3056 lexicis
695 2997 805 3057 nostris
829 2996 908 3056 baud
930 2995 1014 3056 facile
1036 2996 1219 3056 enucleando
1249 3015 1370 3074 operam
1393 2996 1523 3055 dandam
1546 3016 1611 3056 esse
1634 2995 1806 3056 existimavi.
1852 2993 1981 3054 Omnino
2005 2991 2085 3052 enim

427 3097 456 3156 id
479 3098 550 3157 mihi
573 3099 754 3177 propositum
779 3107 850 3174 erat,
874 3107 989 3160 utnon
1014 3106 1074 3159 tam
1092 3100 1235 3160 vocabula
1250 3119 1412 3176 aucuparer
1434 3105 1522 3176 atque
1544 3099 1646 3159 ordine
1662 3099 1859 3176 disponerem,
1884 3117 1973 3174 quam
1997 3095 2028 3155 in
2052 3115 2087 3154 ea

427 3201 606 3278 inquirerem
623 3223 698 3280 quac
714 3204 750 3263 ad
767 3203 879 3264 Sidonii
895 3223 991 3281 genus
1006 3203 1121 3264 dicendi
1137 3203 1307 3282 singillatim
1325 3203 1531 3264 illustrandum
1548 3204 1754 3264 conducerent.
1794 3202 1876 3275 Quae
1892 3199 2033 3260 vocabula
2049 3197 2086 3256 ad

428 3325 490 3365 rem
515 3306 663 3383 publicam
686 3308 842 3386 pertinent,
866 3307 955 3368 veluti
978 3313 1109 3378 illustria,
1128 3312 1302 3381 spectabilia,
1321 3311 1502 3376 clarissimus,
1527 3329 1588 3376 rex,
1610 3311 1752 3381 princepe,
1776 3311 1942 3380 praefectus,
1961 3307 2086 3378 praelec-

429 3413 609 3482 tanaceta,
642 3410 750 3489 quibus
777 3411 807 3471 in
831 3412 1046 3490 cognoscendis
1068 3411 1327 3488 discernendisque
1350 3412 1476 3472 multum
1500 3410 1644 3471 momenti
1667 3411 1764 3471 inesse
1786 3409 1953 3482 videbatur,
1983 3426 2086 3468 eorum

428 3533 519 3591 quam
542 3514 668 3592 plurima
691 3515 806 3594 collegi.
1529 3493 1533 3502 .

537 3619 645 3679 Uncis
668 3620 773 3680 inclusi
794 3622 935 3699 leguntur
961 3639 1066 3682 omncs
1089 3621 1108 3681 ii
1130 3621 1200 3694 loci,
1230 3621 1279 3699 qui
1303 3641 1364 3682 non
1387 3641 1423 3682 ex
1447 3619 1558 3681 Sidonii
1581 3619 1718 3698 operibus
1741 3617 1867 3696 excerpti
1891 3623 1969 3688 sunt,
1999 3623 2087 3691 atque

428 3720 633 3798 significantur
655 3724 758 3784 littoris
775 3723 869 3798 Caes,
893 3725 937 3799 E,
961 3726 1004 3799 F.,
1029 3725 1074 3799 G,
1098 3726 1141 3800 la,
1165 3727 1209 3799 P,
1234 3726 1280 3800 R,
1305 3727 1346 3798 S,
1371 3725 1417 3800 Τ.,
1434 3724 1468 3786 V.
1487 3723 1627 3801 epistulae
1644 3721 1781 3796 Caesarii,
1799 3720 1932 3794 Eutrasii,
1949 3718 2085 3791 Fausti,

429 3824 540 3899 Graeci,
565 3826 674 3900 Lucidi,
698 3827 824 3903 Paulini,
847 3810 997 3903 Ruricii,
1022 3830 1130 3904 Sedati,
1154 3830 1297 3904 Turontii,
1322 3829 1470 3900 Victorini,
1494 3827 1595 3888 litteris
1616 3826 1659 3888 Cl.
1676 3826 1800 3904 epistula
1815 3826 1864 3886 illa
1881 3821 2084 3895 Claudiani,

428 3948 504 4006 quae
526 3932 689 3991 secundum
713 3939 792 3993 tenet
813 3934 912 3994 locum
934 3933 964 3994 in
988 3932 1100 3994 Sidonii
1123 3934 1314 4011 epistularum
1336 3933 1411 3995 libro
1434 3932 1480 4005 lV,
1505 3931 1607 3993 veluti:
1631 3935 1699 4005 [non
1712 3935 1782 3990 velis
1796 3957 1827 3980 =
1841 3933 1914 3989 nolis
1926 3932 1958 3985 lt.
1970 3931 2085 4000 350‚19],

429 4028 589 4098 [undeunde
608 4031 648 4086 Ol.
667 4032 764 4100 53,t‘l].
