4560 6434
799 395 906 452 urana
924 397 947 461 1,
970 397 994 452 x
1014 398 1030 466 e
1048 398 1065 452 4
1084 429 1116 439 -
1135 397 1199 452 x1v
1218 399 1234 466 e
1254 359 1279 453 1.w
1799 403 1860 466 307

213 567 349 636 delicias
372 569 565 654 contulistis,
588 577 767 651 autcario,
791 572 818 636 si
841 571 917 658 quid
941 572 1055 638 horum
1071 572 1185 655 defuit,
1210 572 1430 659 deputandum
1447 573 1595 659 tempori,
1619 593 1684 638 non
1699 575 1792 642 vobis
1809 582 1860 642 est
1915 580 1949 653 G·

213 672 448 760 imputandum.
492 696 568 740 nam
590 681 693 740 totum
716 677 802 763 apud
824 698 899 758 vos,
923 677 1009 763 quod
1032 699 1143 743 carum
1166 683 1296 765 pectus,
1319 679 1407 765 quod
1429 680 1544 744 hebuit
1566 680 1689 745 clarum
1712 679 1863 760 mundus,
1895 683 1915 744 2

214 779 331 844 inveni.
369 778 459 843 nulla
482 799 533 844 me
557 778 687 866 penitus
712 781 914 847 iucunditate
937 782 1123 863 fraudastis,
1148 783 1226 869 quin
1250 783 1349 848 etiam
1369 781 1588 848 desiderabile
1604 782 1682 846 mibi
1698 784 1863 871 hospitioli

212 883 278 948 mei
300 881 468 947 desertum
484 887 593 946 vestra
609 883 773 951 vicinitate
797 885 934 952 facistis.
975 885 1151 951 etidcirco
1174 909 1226 952 me
1250 886 1355 972 magis
1379 886 1551 951 finitimum
1574 886 1667 952 vobis
1690 907 1763 952 esse
1786 909 1862 952 con-

174 1002 186 1039 ⁵
212 985 351 1073 gaudeo,
371 985 525 1071 quianon
542 1007 586 1050 ex
598 992 666 1052 toto
682 991 786 1054 malus
802 995 863 1070 est,
879 990 935 1074 qui
949 989 1045 1054 bonis
1060 990 1214 1075 iungitur.
1249 989 1307 1055 sed
1323 1012 1365 1055 ne
1382 989 1538 1055 exhibeat
1551 990 1645 1054 vobis
1663 1012 1723 1056 seu
1739 993 1863 1078 ineptia
1895 994 1915 1056 3

213 1111 272 1156 seu
295 1091 422 1175 longior
446 1110 553 1156 sermo
575 1090 759 1174 festidium,
787 1093 878 1159 salve
901 1094 1121 1178 largissimum
1143 1093 1216 1160 dico
1240 1101 1274 1160 et
1296 1095 1482 1176 vitrarium,
1512 1095 1597 1160 sieut
1618 1096 1777 1177 iussistis,
1810 1117 1863 1162 me

214 1195 397 1260 destinasse
421 1194 577 1279 significo,
601 1197 694 1261 euius
717 1218 799 1284 opus
823 1198 927 1262 nitore
950 1218 1014 1262 non
1038 1198 1218 1283 fragilitate
1242 1205 1371 1285 oportet
1385 1199 1540 1278 imitetur,
1564 1205 1600 1262 ut
1615 1197 1756 1280 dilectio,
1780 1221 1863 1285 qnae

213 1299 307 1365 nobis
330 1299 564 1386 aparentibus
587 1301 710 1380 relicte,
739 1302 937 1386 amagistro
961 1301 1090 1382 tradita,
1113 1303 1200 1368 vitae
1225 1304 1450 1368 communione
1473 1303 1600 1368 firmata
1622 1310 1683 1383 est,
1707 1303 1862 1368 secundis

214 1404 374 1479 elimetur,
404 1403 550 1470 adversis
578 1405 670 1470 nulla
696 1406 827 1490 penitus
859 1406 1024 1471 turbinum
1054 1407 1200 1492 procella
1227 1407 1407 1492 frangatur.
1452 1428 1526 1472 nam
1557 1408 1642 1471 sicut
1673 1406 1744 1471 auri
1766 1414 1864 1492 atque
1896 1411 1915 1469 4

162 1523 188 1564 ¹⁰
214 1509 339 1594 argenti
363 1508 507 1593 pretiosa
530 1509 712 1587 sinceritas,
739 1509 767 1574 si
790 1509 877 1575 aeris
900 1517 957 1575 aut
979 1510 1104 1597 plumbi
1128 1510 1179 1576 vel
1204 1511 1379 1577 cuiuslibet
1400 1511 1535 1577 alterius
1559 1511 1715 1576 materiae
1739 1510 1863 1575 vilioris

213 1613 321 1678 fuerat
361 1611 560 1678 admixtione
601 1620 771 1701 corrupta,
810 1615 873 1680 nisi
911 1615 1034 1700 ignium
1068 1614 1309 1679 examinatione
1346 1621 1520 1702 purgetur,
1562 1636 1623 1680 nec
1657 1614 1865 1700 splendorem

214 1717 395 1782 naturalem
418 1717 539 1803 poterit
562 1717 684 1784 babere
712 1738 774 1786 neo
804 1739 937 1793 sonum,
968 1740 1044 1783 nam
1074 1740 1135 1784 nec
1158 1719 1241 1784 visui
1274 1719 1455 1785 claritatem
1484 1741 1546 1784 nec
1577 1719 1729 1792 tinnitum
1758 1718 1865 1784 reddit

213 1820 336 1888 auditui
357 1822 527 1908 magisque
551 1843 686 1888 raucum
709 1827 851 1904 resonat,
883 1823 910 1888 si
930 1821 1075 1902 feriatur,
1104 1826 1137 1886 et
1165 1820 1348 1904 stridulum,
1376 1859 1865 1887 ...............

315 1926 412 1991 Hanc
435 1945 513 2012 ergo
536 1927 733 1992 sententiam
754 1948 818 1993 non
842 1947 949 1992 meam
973 1924 1032 1991 sed
1055 1925 1187 2006 domini,
1212 1925 1313 1991 frater
1328 1927 1461 2013 optime,
1485 1931 1677 1992 contuentes
1693 1927 1815 2013 pariter
1832 1932 1866 1990 et
1897 1931 1916 1990 5

162 2045 187 2084 ¹⁵
213 2035 403 2116 soquentes,
433 2030 479 2094 ita
501 2030 601 2096 vitam
623 2037 770 2096 nostram
793 2028 902 2096 medio
925 2051 1022 2094 cursu
1045 2028 1264 2116 gubernatore
1294 2031 1366 2117 ipso
1395 2031 1526 2097 domino
1554 2037 1790 2118 temperemus,
1819 2036 1865 2110 ut,

214 2133 361 2220 quemvis
385 2133 545 2198 serenitas
569 2133 720 2214 arrideat,
743 2134 932 2220 prosperior
954 2134 1050 2198 flatus
1070 2134 1196 2212 invitet,
1219 2155 1308 2200 mare
1325 2134 1490 2221 placidum
1505 2134 1700 2214 blandiatur,
1723 2135 1865 2200 scientes

213 2243 333 2318 mmen,
350 2236 439 2300 illam
452 2237 605 2322 aequoris
619 2236 757 2303 subiecti
769 2238 939 2324 planitiem
951 2236 994 2302 ad
1005 2238 1110 2303 instar
1122 2238 1279 2303 montium
1289 2244 1423 2324 repente
1436 2259 1644 2324 consurgere,
1660 2258 1864 2324 nequaqnam

213 2341 247 2405 in
259 2341 360 2406 altum
374 2360 491 2405 navem
504 2346 649 2406 nostram
662 2341 826 2427 patiamur
837 2342 970 2427 impelli,
986 2341 1043 2405 ubi
1054 2361 1126 2406 eam
1140 2347 1197 2406 eut
1208 2348 1388 2428 tempestas
1402 2343 1507 2408 solvat
1518 2348 1575 2408 aut
1586 2341 1674 2407 unda
1686 2340 1863 2427 demergat.

992 2619 1087 2686 XIII.

160 2769 187 2810 ao
579 2753 741 2820 DOMNO
763 2749 986 2822 PECTORIS
1010 2756 1084 2823 SUI
1107 2755 1250 2824 OELSO
1272 2754 1498 2823 RURIOIUS.

133 2969 142 2978 μ
318 2858 445 2950 Rronar
469 2885 579 2972 apices
602 2887 826 2972 germanitatis
849 2895 937 2970 tuae,
960 2889 1015 2974 qui
1035 2889 1115 2954 mihi
1131 2911 1195 2955 non
1211 2910 1327 2976 perum
1343 2887 1488 2974 scmpuli
1504 2887 1711 2953 rettulerunt.
1750 2906 1866 2952 vereor
1900 2889 1914 2949 1
1951 2938 1953 2942 .

213 2988 314 3068 enim,
343 3010 384 3053 ne
413 3009 507 3054 secus
536 2988 577 3055 de
602 2991 757 3057 litterulis
784 2993 868 3058 meis
898 3014 996 3079 quam
1018 3016 1039 3060 e
1060 3015 1113 3060 me
1141 2994 1260 3059 missae
1284 2998 1359 3060 sunt
1380 2991 1547 3058 senseritis
1572 2997 1606 3056 et
1629 2989 1749 3054 ideireo
1772 2989 1867 3075 quasi

213 3093 408 3158 temerariae
431 3095 708 3181 praesumptionis
730 3118 784 3162 me
806 3103 921 3163 notare
945 3096 1135 3178 videamini,
1165 3097 1259 3180 dum,
1289 3104 1327 3163 ut
1354 3117 1413 3184 pro
1436 3095 1531 3160 vobis
1559 3114 1648 3159 orem
1672 3114 1710 3158 ac
1734 3093 1866 3181 saepius

213 3217 451 3280 commoneam,
474 3197 657 3286 postulatis.
703 3221 823 3285 egone,
847 3200 950 3267 frater
972 3202 1110 3289 optime,
1135 3202 1295 3289 castigare
1319 3221 1378 3266 vos
1400 3197 1555 3278 audeam,
1586 3197 1641 3284 qui
1662 3217 1714 3262 me
1738 3209 1865 3282 nequeo
1897 3200 1917 3260 2

160 3315 185 3356 ²⁵
214 3301 396 3387 castigare?
443 3323 549 3388 egone
572 3325 640 3386 vos,
664 3305 720 3390 qui
743 3325 796 3370 me
820 3304 926 3372 adbuc
950 3305 983 3384 in
1007 3307 1130 3372 saeculi
1153 3306 1337 3372 turbinibus
1359 3310 1526 3389 tamquam
1547 3301 1581 3366 in
1604 3300 1702 3366 maris
1718 3299 1864 3367 aestibus

214 3406 333 3470 cumba
367 3405 512 3471 instabili
545 3407 756 3474 fluctuantem
790 3408 884 3494 quasi
917 3409 982 3474 iam
1016 3407 1057 3474 da
1090 3409 1268 3475 sublimiori
1303 3407 1437 3495 specula
1464 3405 1518 3470 vel
1548 3402 1753 3468 eminentiori
1783 3403 1865 3468 colle

216 3509 397 3597 respicitis?
443 3530 547 3596 egone
570 3533 644 3595 vos,
675 3511 731 3598 qui
759 3511 800 3576 ad
829 3517 960 3598 portum
987 3513 1104 3578 veniae
1133 3534 1192 3599 per
1219 3510 1441 3599 paenitentiae
1471 3506 1707 3591 indulgentiam
1734 3503 1864 3573 domino

216 3613 433 3699 gubernatore
456 3619 545 3680 ...sl
583 3637 649 3681 non
672 3636 735 3701 ego
756 3615 897 3702 penitus,
920 3616 1023 3680 frater
1038 3615 1170 3698 dilecte,
1194 3617 1241 3681 sic
1258 3615 1384 3702 scripsi,
1408 3618 1445 3677 ut
1459 3612 1539 3677 mibi
1556 3610 1678 3696 aliquid
1693 3608 1865 3675 blandiens
1898 3613 1917 3675 3

215 3737 274 3782 vos
296 3718 442 3804 improbo
466 3718 562 3784 dente
585 3719 768 3786 morderem
798 3741 858 3784 nec
889 3725 926 3784 ut
947 3742 1006 3786 vos
1035 3719 1218 3802 laederem,
1251 3718 1309 3785 sed
1342 3717 1421 3783 mihi
1450 3715 1612 3804 epistulae
1644 3713 1866 3779 familiaritate

164 3831 191 3872 ³⁰
216 3821 383 3889 vincirem.
428 3844 504 3888 nam
526 3824 554 3888 si
576 3824 663 3891 bene
687 3823 916 3906 consideretis,
945 3829 1096 3890 votorum
1119 3831 1194 3888 sunt
1217 3824 1273 3888 illa
1299 3823 1485 3896 verbanon
1508 3825 1643 3885 actuum.
1663 3826 1697 3884 et
1723 3817 1866 3905 optantis

217 3925 445 4012 potiusquam
474 3929 651 4004 monentis,
680 3929 757 4015 quia
783 3949 848 3993 non
876 3927 952 4014 quid
981 3948 1168 4014 ageremus,
1198 3927 1257 3992 sed
1284 3927 1424 4012 qualiter
1446 3925 1579 4004 vellem,
1611 3929 1647 3987 ut
1669 3923 1865 4004 viveremus,

217 4031 364 4116 exposui.
410 4037 554 4096 cetarum
577 4034 604 4098 si
628 4039 721 4098 actus
744 4034 831 4098 vitae
855 4051 948 4098 meae
972 4033 1169 4118 praeteritae
1191 4031 1440 4118 praesentisque
1463 4027 1632 4110 discutias,
1663 4027 1800 4113 pudebit
1821 4034 1865 4108 te,
1899 4035 1915 4093 4

217 4133 331 4198 intimo
354 4141 388 4199 et
410 4137 631 4201 secretissimo
654 4137 756 4203 fratre
780 4143 879 4219 teste,
901 4136 1007 4216 ferre,
1037 4157 1121 4224 quae
1144 4156 1210 4200 non
1232 4134 1348 4222 puduit
1370 4132 1432 4198 deo
1455 4140 1540 4198 teste
1562 4132 1762 4218 promittere.
1809 4153 1866 4219 pro
1946 4223 1948 4226 Ι

218 4235 335 4322 quibus
358 4237 553 4305 facinoribus
577 4242 658 4307 meis
682 4264 778 4329 spero
802 4263 860 4306 vos
884 4243 993 4328 potius
1015 4241 1145 4308 domino
1173 4238 1381 4327 supplicatis,
1412 4245 1448 4303 ut
1477 4259 1556 4324 quos
1583 4237 1617 4301 in
1645 4236 1706 4300 hoc
1736 4236 1867 4302 saeculo

165 4355 190 4396 ³⁵
217 4343 430 4408 amicitiarum
462 4351 495 4408 et
525 4347 776 4433 propinquitatis
803 4347 907 4412 voluit
935 4368 1009 4412 esse
1039 4353 1223 4426 consortes,
1260 4345 1293 4407 in
1321 4343 1432 4408 futuro
1463 4342 1621 4406 bonorum
1650 4340 1761 4405 iubeat
1793 4360 1866 4405 esse

217 4447 400 4534 participes.

996 4622 1090 4690 xlv.

499 4813 505 4828 .
581 4755 742 4824 DOMNO
766 4757 986 4827 PECTORIS
1011 4760 1085 4827 SUI
1109 4759 1251 4827 CELSO
1275 4757 1502 4827 RURIGIUS.

321 4856 444 4963 Eoum
479 4890 608 4974 qualem
644 4891 787 4956 iusseras
822 4890 984 4957 destinavi
1018 4892 1269 4959 mansuetudine
1304 4891 1484 4980 placidum,
1525 4889 1679 4956 membris
1713 4885 1866 4970 validum,
1902 4894 1915 4954 1

164 5009 191 5047 ⁴⁰
216 4993 344 5059 firmum
366 4992 494 5073 robore,
518 4993 622 5058 forma
644 5001 879 5081 praestantem,
902 4996 1029 5062 factura
1052 4997 1278 5084 compositum,
1309 4996 1426 5061 animis
1448 5000 1665 5080 temperatum
1689 5014 1749 5058 neo
1771 5016 1867 5080 prae-

318 5201 336 5253 f)
353 5205 428 5256 uobis
445 5201 501 5272 seu]
514 5205 614 5270 tmperi,
631 5199 685 5260 noli
703 5222 759 5258 esea
773 5201 807 5269 G,
824 5207 899 5258 uobis
917 5207 972 5274 ipsa
986 5206 1104 5258 danaim
1208 5205 1225 5258 6
1242 5203 1299 5273 seu]
1318 5205 1419 5272 carpsi,
1435 5205 1476 5255 sui
1491 5200 1519 5255 G
1621 5202 1638 5255 8
1656 5205 1827 5256 ωεοουηᾱίε
1841 5201 1867 5254 G

217 5287 250 5339 13
266 5305 309 5342 rer
326 5299 478 5356 comparata
494 5308 549 5342 aaa
566 5307 622 5341 cam
640 5293 764 5344 amimalia
781 5293 880 5344 domim
891 5293 1062 5358 ᾰαὶἀεναιιιτ,
1079 5303 1107 5344 at
1118 5295 1216 5344 manarit
1227 5293 1370 5344 Mommsen
1467 5288 1500 5341 16
1518 5289 1647 5356 quamuis]
1659 5290 1759 5355 scripsi,
1775 5292 1828 5356 qna
1841 5285 1867 5339 G

215 5375 337 5426 adrsddat
356 5371 382 5426 G
492 5374 524 5428 17
546 5375 717 5445 nequaquam]
736 5379 835 5444 scripsi,
859 5395 970 5446 nequam
990 5376 1016 5430 G
1128 5379 1161 5431 18
1182 5380 1266 5432 salunt
1284 5375 1310 5430 G
1385 5377 1512 5444 dimergat
1531 5371 1556 5426 G
1666 5373 1701 5426 20
1719 5373 1822 5442 domno]
1842 5372 1868 5426 G

215 5457 249 5510 22
267 5477 283 5512 a
300 5477 340 5512 me
357 5465 490 5516 munseo
510 5460 537 5515 G
615 5461 754 5530 senseritis]
774 5464 934 5530 Iat'tjobaan,
955 5467 1067 5518 inseritis
1086 5463 1120 5530 G,
1141 5466 1292 5517 censueritis
1312 5463 1430 5514 Grattius
1541 5459 1576 5512 23
1594 5477 1634 5515 me
1651 5458 1748 5528 notare]
1769 5463 1868 5528 scripsi,

215 5555 357 5598 menostrae
376 5545 403 5600 G
523 5549 557 5602 26
581 5551 753 5604 fructuantem
774 5547 800 5601 G
921 5550 956 5602 28
979 5549 1165 5618 gubernatorell
1184 5549 1210 5601 G
1295 5550 1417 5615 suppleas
1439 5550 1488 5598 iam
1510 5547 1646 5614 appulistis
1730 5548 1824 5600 debete
1842 5545 1868 5600 G

216 5630 252 5682 30
269 5633 397 5685 uincerem
412 5631 438 5685 G
531 5635 564 5686 31
583 5633 710 5688 uellimG
803 5637 837 5688 38
855 5636 957 5704 domno]
973 5636 998 5688 G
1091 5637 1125 5689 39
1143 5636 1492 5700 mansuetudine-p.308‚
1507 5635 1552 5684 Ι.3
1570 5631 1728 5701 impositum]
1747 5633 1868 5685 Ruricius

215 5719 289 5786 infra
308 5719 349 5780 II,
367 5723 400 5771 35
419 5722 532 5787 repetivit

1608 5837 1663 5890 39*
