4560 6434
441 421 503 484 336
1055 421 1194 478 RUItICII
1212 423 1470 480 EPISTULARUM

357 588 390 660 G
443 591 550 656 ovium
572 593 722 680 luporum
745 596 869 661 rabiem
891 601 1118 680 contegentes,
1142 599 1217 682 quia
1239 598 1352 662 oculus
1375 598 1430 663 ille
1452 597 1596 682 divinus,
1622 601 1706 666 siout
1729 602 1885 688 scriptum
1908 608 1976 682 cst,
2000 603 2094 668 omni

413 698 513 762 'lloco
536 698 639 763 bonos
662 700 850 786 speculatur
873 707 906 764 et
928 701 1042 766 malos.
1087 701 1158 766 sine
1182 700 1295 780 dubio,
1327 723 1421 788 quem
1445 702 1487 767 ad
1511 727 1546 768 se
1571 705 1698 791 integro
1723 706 1818 770 corde
1847 708 1987 773 transire
2012 729 2095 772 oon-

441 803 595 888 spexerit,
619 803 688 889 ipse
711 803 744 868 in
768 825 824 869 cor
846 803 933 869 illius
957 805 1025 888 iugi
1047 804 1247 871 habitatione
1272 805 1460 888 descendet,
1484 813 1582 873 uteo
1605 808 1789 874 habitatore
1805 831 1870 874 non
1888 817 2011 891 careat,
2039 812 2094 875 cui

412 910 476 972 8se
501 906 708 993 praeparavit
730 906 964 972 habitaculum.
1003 908 1126 993 gratias
1150 909 1261 995 itaque
1285 908 1414 974 domino
1438 916 1547 976 nostro
1571 934 1670 999 super
1692 919 1758 977 tam
1781 915 1993 980 inenarrabili
2018 915 2093 980 aius

440 1012 585 1077 bonitate
626 1013 658 1076 iu
691 1034 862 1077 commune
896 1012 1093 1093 referamus,
1134 1012 1188 1098 qui
1222 1013 1346 1077 mavult
1382 1035 1493 1079 servos
1526 1037 1601 1081 suos
1634 1037 1768 1082 monere
1804 1039 1900 1103 quam
1935 1018 2093 1104 perdere,
2137 1034 2149 1072 ⁵

409 1116 602 1201 ilcorrigere
634 1136 730 1200 quam
760 1115 876 1201 punire
907 1121 940 1180 ot
968 1137 1026 1200 pro
1053 1137 1153 1181 usura
1183 1116 1294 1182 brevis
1317 1116 1404 1183 vitae
1433 1120 1662 1205 perpetuitatis
1691 1141 1794 1205 regna
1822 1120 1954 1188 donare.
2001 1122 2092 1208 quod

441 1229 600 1308 superest,
624 1222 731 1287 saluto
755 1221 930 1308 plurimum
953 1228 987 1287 et
1009 1222 1161 1287 ancillam
1184 1233 1326 1288 vestram
1350 1224 1441 1290 vobis
1464 1224 1623 1311 peculiari
1645 1224 1862 1290 insinuatione
1884 1225 2093 1304 commando,

440 1325 620 1412 quamlibet
642 1324 705 1390 hoe
729 1326 822 1390 salva
843 1332 956 1390 vestra
978 1327 1101 1412 pietate
1125 1348 1190 1391 non
1220 1333 1332 1412 egeat,
1362 1335 1398 1392 ut
1425 1349 1488 1413 quo
1519 1350 1592 1393 eam
1621 1329 1788 1415 suscipere
1817 1329 1898 1393 tanti
1925 1329 2092 1396 habuistis

439 1433 574 1514 affectu,
606 1453 737 1519 semper
765 1432 904 1498 foveatis
934 1433 1075 1512 indultu,
1106 1453 1190 1517 quae
1220 1433 1372 1518 largitate
1402 1431 1512 1496 divina
1532 1439 1687 1518 utrosque
1710 1453 1771 1497 nos
1794 1433 1857 1497 sibi
1880 1435 2008 1524 paravit
2030 1435 2091 1500 ob-

391 1537 570 1617 llinoxios,
593 1556 652 1599 vos
675 1557 752 1600 avos
776 1536 901 1602 faciens
925 1557 983 1600 sua
1005 1536 1218 1618 fecunditate,
1240 1558 1300 1601 nos
1320 1557 1469 1622 proavos.
1511 1536 1663 1602 domnam
1679 1536 1779 1602 liliam
1806 1559 1912 1604 meam
1928 1536 2092 1604 desiderio
2124 1554 2149 1592 ¹⁰

441 1640 620 1706 ethonore
644 1659 708 1723 qno
732 1639 865 1724 dignum
889 1647 940 1705 est
961 1641 1096 1726 sospito.
1140 1640 1181 1705 ob
1204 1642 1296 1706 cuius
1319 1640 1533 1725 agnitionem,
1565 1640 1592 1703 si
1615 1640 1755 1705 facultas
1778 1647 1866 1706 esset
1888 1641 2092 1724 ambulandi,

440 1749 512 1810 erat
540 1744 692 1807 voluntas
726 1745 969 1830 promptissima
998 1766 1058 1809 vos
1087 1744 1227 1826 visendi,
1262 1751 1298 1808 ut
1329 1764 1426 1830 quani
1453 1743 1665 1809 interioribus
1695 1745 1797 1809 oculis
1827 1766 1886 1831 pro
1917 1745 2091 1812 affinitatis

440 1848 542 1935 ipsius
577 1847 805 1912 coniunctione
838 1848 907 1934 iugi
946 1847 1173 1914 recordatione
1208 1848 1440 1934 conspicimus,
1481 1849 1581 1913 etiam
1616 1847 1834 1914 exterioribus
1868 1870 2091 1916 cerneremus.

441 1957 518 2038 opto
541 1951 624 2016 bene
648 1973 739 2037 agas.

1182 2194 1344 2262 XXXIII.

695 2367 873 2434 DOMINO
898 2365 1073 2431 SANOTO
1098 2366 1156 2431 ET
1180 2367 1460 2433 APOSTOLIOO
1484 2365 1690 2441 OMNIQUE
1713 2365 1743 2430 Α
1768 2365 1832 2430 llll]

608 2471 795 2537 HONORII
825 2468 883 2534 ΙΙΤ
910 2469 1067 2535 AMORE
1097 2469 1360 2536 SPEOIALIUS
1386 2510 1468 2534 m.
1497 2468 1666 2535 FRATRI
1695 2468 1921 2535 CAESARIO

1033 2573 1252 2640 EPISOOPO
1275 2573 1500 2642 RURIOIUS.

415 2739 427 2798 l
544 2712 683 2805 Fama
721 2745 755 2804 et
788 2736 1031 2823 compresbyter
1067 2745 1180 2804 noster
1214 2736 1397 2824 capillutus
1432 2737 1606 2825 dupliciter
1641 2741 1704 2805 bac
1737 2741 1810 2806 vice
1843 2741 1939 2806 nobis
1972 2747 2089 2826 gratus

441 2845 605 2932 apparuit,
636 2841 712 2906 dnm
741 2847 775 2905 et
804 2842 873 2928 ipse
903 2841 996 2905 nobis
1025 2842 1089 2905 iam
1118 2841 1173 2905 diu
1202 2840 1406 2907 desideratus
1438 2846 1579 2908 occurrit
1608 2851 1641 2909 ct
1670 2845 1833 2930 quandam
1859 2845 1961 2910 vestri
1991 2865 2090 2930 prae·
2120 2861 2148 2899 2⁰

442 2949 581 3014 sentiam
605 2946 699 3011 nobis
722 2968 782 3032 per
805 2953 929 3010 vestras
951 2946 1077 3010 litteras
1101 2951 1336 3032 repraesentat.
1383 2968 1446 3032 quo
1469 2945 1638 3028 redeunte,
1661 2948 1721 3013 bas
1745 2948 1881 3014 reddere
1908 2949 2092 3034 procuravi,

411 3052 559 3138 2quibus
583 3050 728 3116 debitum
751 3049 945 3116 beatitudini
967 3056 1097 3114 vestrae
1121 3048 1266 3136 repando
1288 3051 1432 3114 caritatis
1456 3051 1607 3115 cilicium.
1649 3050 1734 3136 quod
1751 3073 1829 3117 vero
1854 3051 2007 3133 scribitis,
2031 3072 2093 3116 cur

442 3158 483 3223 ad
507 3155 681 3243 synodum,
719 3155 803 3220 sicut
831 3155 1003 3219 collocutio
1030 3153 1145 3218 habuit
1174 3161 1299 3236 nostra,
1322 3175 1385 3218 non
1413 3155 1574 3234 venerim,
1608 3154 1687 3220 lecit
1714 3155 1776 3219 hoc
1807 3155 1993 3234 infirmitas,
2023 3176 2091 3219 non

440 3262 601 3326 voluntas.
645 3259 709 3344 ipsi
736 3258 856 3323 etenim
884 3258 1029 3323 recolere
1058 3258 1207 3344 potestis,
1232 3280 1327 3344 quam
1350 3258 1474 3323 fessum
1497 3281 1549 3324 me
1572 3257 1751 3345 Burdigala
1772 3258 1936 3341 videritis,
1967 3263 2001 3322 et
2023 3257 2088 3324 boc

410 3366 558 3446 3hieme,
582 3363 710 3449 qnando
734 3384 808 3428 esse
833 3362 925 3427 soleo
948 3363 1061 3431 fortior
1084 3362 1191 3427 solito.
1236 3363 1290 3448 qui
1313 3362 1447 3428 aestivis
1472 3361 1588 3428 diebus
1613 3363 1712 3427 etiam
1735 3363 1769 3427 in
1792 3363 1933 3449 hospitio
1957 3383 2030 3426 meo
2055 3368 2091 3426 et
2118 3376 2145 3415 ιι

440 3470 522 3534 locis
544 3467 670 3552 frigidis
692 3467 798 3553 ipsam
822 3465 1138 3531 consuetudinariam
1161 3467 1385 3532 infirmitatem
1402 3473 1588 3533 sustentare
1605 3469 1660 3532 vix
1676 3469 1780 3550 valeo,
1804 3489 1846 3532 ne
1862 3468 1978 3550 dicam,
2001 3466 2089 3552 qnod

411 3574 512 3638 lillos
536 3577 649 3636 coctus
672 3571 814 3656 regionis
838 3570 926 3634 illius
949 3570 1034 3636 ferre
1057 3571 1230 3657 quiverim,
1255 3571 1281 3634 si
1306 3571 1477 3638 venissem.
1522 3569 1608 3637 unda
1631 3572 1735 3658 magis
1764 3593 1876 3659 spero,
1898 3577 1936 3636 ut
1957 3592 2014 3657 pro
2037 3593 2091 3636 me

441 3698 532 3741 orare
556 3674 746 3762 dignemini,
770 3681 803 3740 et
826 3674 867 3738 ad
890 3680 1019 3761 tompus
1042 3674 1131 3738 aliud
1155 3675 1241 3761 qnod
1264 3675 1429 3756 intimatis,
1453 3676 1481 3740 si
1503 3713 1576 3740 ...a
1600 3676 1682 3741 deus
1697 3675 1797 3740 vitarn
1820 3675 1964 3757 cesserit,
1979 3675 2091 3740 venire

440 3781 552 3861 vultis,
583 3781 678 3845 nobis
706 3802 765 3866 per
795 3780 959 3844 hominem
986 3785 1133 3843 vestrum
1162 3779 1320 3843 maturius
1351 3779 1517 3860 indicetis,
1553 3780 1628 3865 quia
1655 3780 1780 3844 litteras
1807 3785 1934 3844 vestras
1966 3777 2007 3843 ad
2035 3801 2090 3843 me

411 3885 536 3949 5modo
567 3884 751 3949 tardissime
779 3885 910 3948 venisse
944 3883 1102 3969 significo.
1152 3883 1228 3968 quin
1256 3883 1318 3948 etsi
1350 3903 1415 3946 non
1441 3904 1500 3969 pro
1528 3881 1687 3969 dignitate
1716 3883 1769 3949 vel
1797 3905 1855 3970 pro
1884 3888 1995 3948 aetate
2024 3904 2090 3948 non
2117 3897 2146 3936 ³⁰

441 3988 599 4054 debemus
622 3986 747 4053 tardius
770 4008 867 4072 quam
890 3988 946 4051 alii
969 3986 1181 4066 commoneri,
1211 3987 1271 4072 qui
1287 3986 1442 4066 fortasse,
1475 3993 1512 4050 ut
1535 3988 1640 4052 minus
1664 3986 1807 4073 prudens
1830 3985 1952 4068 dicam,
1980 4008 2088 4052 mere-

440 4092 556 4157 bamur
588 4091 717 4171 embiri;
752 4091 827 4176 qnia
861 4090 890 4154 si
922 4089 995 4154 aliis
1027 4111 1146 4154 nomen
1175 4089 1305 4153 urbium
1334 4095 1481 4174 praestat
1510 4091 1704 4172 auctoritas,
1739 4091 1831 4156 nobis
1862 4091 2090 4156 auctoritatem

442 4197 570 4261 demere
592 4216 656 4259 non
684 4195 784 4259 debet
805 4194 895 4258 urbis
923 4193 1100 4258 humilitas.
1149 4193 1308 4279 siquidem
1332 4193 1432 4257 multo
1462 4193 1578 4257 melius
1604 4194 1770 4282 multoque
1799 4195 1996 4260 eminentius
2027 4201 2089 4276 est,

443 4299 608 4365 civitatem
631 4298 672 4362 de
696 4296 866 4361 sacerdote
890 4319 986 4383 quam
1012 4298 1216 4363 sacerdotem
1239 4297 1280 4363 de
1304 4298 1436 4363 civitate
1460 4304 1638 4364 notescere.

543 4593 557 4646 l
577 4593 597 4647 Ι.
615 4593 689 4647 Petr.
708 4591 756 4656 lll,
777 4591 818 4645 12.

543 4751 560 4803 2
578 4753 661 4804 bonus
678 4751 822 4818 speculator
837 4751 860 4800 G
962 4749 979 4800 3
997 4750 1160 4803 discenditdl
1257 4749 1273 4800 6
1292 4746 1480 4817 perpetuitatis]
1498 4751 1597 4818 scripsi,
1614 4751 1770 4817 perpetuatis
1785 4751 1816 4814 G,
1834 4759 1957 4817 perpetua
1972 4751 2091 4802 uanam

442 4835 626 4908 lplurimum]
645 4840 674 4890 lu
690 4857 710 4889 s.
725 4840 741 4890 l.
756 4837 796 4890 6¹
866 4835 995 4902 ancillam]
1008 4837 1196 4904 Papianillam,
1212 4839 1246 4903 cf.
1262 4838 1337 4904 iufra
1349 4837 1390 4899 ΙΙ,
1402 4841 1436 4888 37
1504 4837 1669 4904 peculiare&
1772 4835 1859 4904 8quo
1877 4833 1945 4904 eam]
1965 4836 2091 4887 coeamG

442 4925 476 4978 10
497 4924 627 4995 domnam]
649 4925 672 4977 0
787 4923 821 4976 15
837 4922 962 4991 XXXlll]
984 4923 1021 4974 ad
1039 4923 1173 4974 Ruricium
1192 4923 1328 4974 Caesarius
1345 4941 1384 4990 ap.
1399 4923 1467 4988 XII,
1484 4941 1565 4990 supra
1578 4943 1608 4990 p.
1623 4927 1680 4986 274,
1697 4923 1801 4974 maeret
1914 4921 1947 4974 17
1965 4923 2087 4988 suppleas

377 5017 378 5020 ’
440 5012 596 5064 excolendo:
614 5013 648 5078 cs.
666 5013 741 5078 infra
759 5011 801 5076 11,
819 5017 854 5063 40
967 5007 1000 5060 19
1017 5009 1091 5060 acG
1203 5007 1236 5059 21
1255 5009 1474 5076 repraesentati}
1588 5008 1622 5061 23
1640 5010 1805 5076 sydonan
1915 5007 1950 5060 24
1967 5007 2089 5076 recolere]

440 5099 465 5149 le
482 5115 502 5149 s.
521 5099 538 5149 l.
554 5098 592 5148 6¹
697 5096 732 5150 25
750 5098 794 5164 qui
811 5095 925 5163 matium]
944 5097 1103 5164 Littjolsarsrs,
1120 5097 1180 5162 quia
1197 5097 1309 5148 stiuisG
1413 5095 1447 5148 26
1465 5095 1522 5166 uix]
1540 5099 1569 5148 s'rs
1586 5115 1639 5148 rar.
1655 5097 1695 5148 θ’
1799 5094 1833 5146 27
1851 5093 1950 5163 coatus]
1971 5097 2002 5159 θ,
2019 5113 2091 5147 acres

440 5185 514 5252 infra
530 5202 556 5250 p.
568 5188 626 5250 338,
644 5187 660 5236 Ι.
675 5190 712 5248 19,
729 5193 816 5238 aestus
834 5186 898 5237 corsi.
916 5185 1057 5252 Basaapa:
1075 5183 1212 5237 Caesarius
1229 5184 1278 5236 sub
1296 5185 1337 5236 dic
1354 5187 1392 5236 Ill
1410 5185 1467 5236 idus
1480 5185 1635 5252 Septembris
1653 5185 1763 5236 Messala
1781 5202 1804 5235 v.
1818 5201 1840 5236 c.
1859 5184 1965 5236 consule
1983 5182 2089 5234 sonatio

441 5271 583 5338 Aquiliana
596 5270 631 5336 (a.
645 5269 706 5332 506)
719 5272 867 5338 miseripsit
962 5270 997 5322 28
1014 5271 1047 5323 ad
1059 5279 1159 5338 tempus
1171 5268 1252 5337 aliud]
1272 5272 1469 5338 superueniente
1481 5289 1548 5323 anno
1561 5288 1643 5337 supra
1657 5289 1684 5337 ρ.
1697 5274 1753 5335 274,
1770 5271 1787 5321 i.
1803 5273 1838 5322 23
1897 5287 1946 5336 ma,
1965 5270 1987 5320 si
2004 5269 2089 5335 suppl.

442 5357 584 5410 Mommsen
686 5355 1105 5425 mammaemammal}
1175 5374 1227 5408 non
1244 5354 1378 5425 debemus]
1397 5375 1430 5409 ne
1447 5356 1612 5410 debemus&
