4634 6458
438 415 497 476 151
1056 405 1194 464 SIDONH
1211 405 1470 462 EPISTULARUM

435 584 487 648 hio
510 583 660 669 proxima
684 583 825 669 abmpto
849 573 1065 649 contubernio
1089 581 1228 646 ancillae
1252 580 1575 667 propudiosissimae,
1599 580 1652 645 cui
1674 601 1710 644 se
1731 585 1835 644 totum
1851 579 2086 646 consuetudine

436 687 581 752 obscena
602 687 730 752 vinctus
754 687 938 766 addixerat,
962 684 1157 772 patrimonio
1181 685 1323 769 posteris
1347 685 1454 749 famae
1478 684 1587 749 subita
1611 683 1662 748 sui
1684 684 1889 749 correctione
1913 685 2088 749 consuluit.
2121 749 2124 756 ,

383 795 402 857 2
434 811 576 877 namque
599 811 659 878 par
682 793 730 856 rei
754 790 922 855 familiaris
946 791 1066 855 damna
1088 795 1247 854 vacuatos
1270 794 1307 852 ut
1329 789 1468 875 primum
1492 788 1686 874 intellegere
1711 787 1821 873 coepit
1845 793 1879 851 et
1898 793 2088 866 retractare,

435 901 591 981 quantum
615 895 656 960 da
679 895 871 960 bonusculis
892 893 990 959 avitis
1014 893 1226 981 paternisque
1250 893 1487 979 sumptuositas
1510 891 1712 958 domesticae
1735 891 1920 978 Charybdis
1943 893 2088 980 abligur-

434 999 541 1078 risset,
564 1018 762 1085 quamquam
784 1018 856 1064 sero
879 998 1090 1084 resipiscens,
1113 1001 1259 1062 attamen
1282 997 1415 1061 tandem
1432 997 1534 1061 veluti
1556 997 1666 1061 frenos
1688 997 1862 1061 momordit
1877 997 2088 1083 excussitque
2129 1015 2140 1052 δ

435 1102 580 1168 cervices
610 1107 708 1188 atque
732 1099 888 1182 Ulixeos,
918 1107 955 1166 ut
982 1101 1107 1180 ferunt,
1138 1121 1232 1166 ceras
1264 1099 1399 1165 auribus
1428 1101 1532 1187 figens
1562 1101 1649 1186 fugit
1670 1100 1844 1166 adversum
1868 1101 1948 1165 vitia
1971 1101 2088 1167 surdus
2177 1113 2178 1116 ’

434 1205 609 1272 meretricii
639 1204 865 1272 blandimenta
893 1204 1057 1290 naufragii
1090 1204 1316 1290 puellamque,
1348 1210 1445 1290 prout
1474 1204 1601 1286 decuit,
1639 1205 1796 1270 intactam
1825 1204 1875 1270 vir
1906 1205 2090 1270 laudandus

433 1311 466 1375 in
495 1310 737 1375 matrimonium
776 1309 973 1396 adsumpsit,
1011 1315 1078 1372 tam
1116 1308 1260 1373 moribus
1295 1309 1524 1393 natalibusque
1561 1314 1756 1374 summatem
1790 1329 1887 1395 quam
1922 1309 2089 1375 facultatis

383 1415 402 1476 3
434 1413 635 1500 principalis.
670 1413 752 1480 haec
774 1412 906 1500 quidem
931 1412 1042 1496 gloria,
1067 1411 1095 1475 si
1111 1411 1296 1497 voluptates
1320 1413 1367 1477 sio
1384 1413 1580 1498 reliquisset,
1602 1419 1639 1478 ut
1654 1434 1715 1479 nec
1731 1413 1826 1478 uxori
1842 1413 2088 1500 coniugaretur;

435 1513 504 1596 sed,
528 1516 589 1581 etsi
613 1517 697 1581 forte
722 1519 892 1601 contingat
915 1513 957 1580 ad
980 1514 1085 1579 bonos
1109 1535 1216 1579 mores
1240 1516 1282 1580 ab
1306 1536 1417 1580 errore
1440 1517 1593 1601 migrare,
1617 1537 1796 1603 paucorum
1818 1523 1870 1582 est
1886 1518 2030 1602 incipere
2046 1516 2088 1582 de
2116 1532 2141 1571 ¹⁰

435 1622 610 1702 maxumis,
642 1627 675 1686 et
704 1642 777 1702 eos,
809 1623 864 1707 qui
893 1621 948 1685 diu
976 1624 1080 1683 totum
1103 1603 1301 1684 indulserint
1325 1620 1401 1700 sibi,
1430 1621 1579 1706 protinus
1602 1627 1707 1684 totum
1732 1628 1766 1686 ct
1787 1621 1912 1706 pariter
1933 1621 2087 1689 incidere.

383 1728 401 1788 l
435 1724 587 1809 quocirca
608 1727 754 1790 veebum
783 1732 835 1792 est
863 1723 1024 1811 copulatis
1055 1721 1203 1788 obtinere
1233 1744 1329 1809 quam
1356 1724 1497 1810 primum
1520 1745 1619 1812 prece
1644 1723 1759 1790 sedula
1782 1746 1874 1810 spem
1896 1725 2088 1800 liberorum:

435 1847 640 1913 consequens
670 1829 749 1909 erit,
780 1836 817 1892 ut
846 1829 912 1894 filio
941 1848 1007 1892 uno
1035 1825 1180 1891 alterove
1213 1828 1378 1913 susceptis
1402 1825 1452 1913 (et
1474 1827 1570 1892 nimis
1597 1827 1682 1914 dixi)
1710 1828 1876 1894 abstineat
1906 1828 1946 1894 de
1979 1835 2089 1894 cetero

432 1929 545 2011 licitis,
577 1931 632 2015 qui
662 1932 787 1997 inlicita
809 1932 1038 2019 praesumpsit.
1084 1951 1224 2016 namque
1255 1937 1289 1996 et
1318 1931 1474 2016 coniuges
1505 1931 1586 2018 ipsi,
1618 1953 1815 2018 quamquam
1846 1933 1940 2019 nupti
1971 1954 2085 2019 nuper,

434 2033 485 2098 his
516 2034 659 2099 moribus
690 2042 807 2122 agunt,
842 2037 904 2102 hae
931 2035 1142 2115 verecundia,
1173 2056 1250 2102 rare
1277 2043 1314 2101 ut
1346 2057 1523 2121 agnoscas,
1559 2036 1587 2100 ai
1615 2037 1718 2101 semel
1745 2036 1882 2116 videris,
1913 2037 2087 2121 plurimum
2117 2051 2140 2090 1³

433 2159 507 2203 esso
535 2138 622 2222 quod
651 2138 781 2205 differat
812 2141 867 2206 ille
897 2140 1147 2205 honestissimus
1177 2141 1312 2206 uxorius
1346 2162 1437 2205 arnor
1470 2140 1634 2226 figmentis
1664 2139 1903 2225 inlecebrisque
1933 2140 2101 2206 concubi·¹
2168 2207 2170 2210 .

433 2240 574 2306 nalibns.
618 2263 742 2310 memor
765 2245 870 2310 nostri
892 2266 966 2310 esse
989 2243 1136 2331 dignare,
1160 2243 1293 2310 domina
1316 2264 1412 2331 papa.

1221 2569 1298 2636 VII.

734 2724 947 2792 SIDONIUS
970 2724 1150 2792 DOMINO
1173 2724 1322 2791 PAPAE
1346 2725 1542 2792 REMIGIO
1567 2725 1787 2793 SALUTEM.

386 2885 398 2944 ¹
540 2859 679 2969 Qoronn
702 2889 743 2954 ab
768 2889 926 2954 Arvernis
949 2887 1121 2974 Belgicam
1145 2895 1263 2974 petens
1288 2889 1445 2975 (persona
1467 2889 1546 2956 mihi
1570 2889 1702 2976 cognita
1732 2898 1799 2971 est,
1832 2911 1932 2954 causa
1960 2890 2087 2975 ignota3

432 3016 493 3058 neo
524 2993 652 3079 refert),
683 2999 858 3080 postquam
881 2991 1002 3057 Remos
1034 2991 1227 3074 advenerat,
1259 2993 1400 3058 scribam
1429 3000 1521 3058 tuum
1550 2993 1619 3060 sive
1647 2992 1868 3080 bybliopolam
1891 2993 1996 3079 pretio
2020 2993 2086 3058 fors
2115 3007 2141 3047 20

431 3098 502 3184 fuat
537 3098 689 3162 officione
729 3096 925 3162 demeritum
966 3097 1192 3182 copiosissimo
1228 3099 1310 3164 velis
1350 3097 1435 3162 nolis
1476 3097 1752 3163 declamationum
1791 3104 1926 3166 tuarum,
1954 3097 2087 3164 schedio

433 3203 589 3268 emunxit.
635 3201 691 3287 qui
713 3200 819 3266 redux
842 3200 934 3266 nobis
958 3205 1057 3286 atque
1081 3201 1198 3287 oppido
1222 3201 1473 3288 gloriabundus,
1505 3203 1625 3287 quippe
1657 3201 1821 3288 perceptis
1845 3205 1894 3264 tot
1916 3202 2088 3266 volumini-

430 3306 506 3386 bus,
537 3326 761 3391 quaecumqua
790 3305 968 3386 detulerat,
999 3326 1195 3391 quamquam
1224 3306 1364 3371 mercari
1391 3307 1529 3392 paratis,
1560 3305 1647 3391 quod
1674 3310 1786 3370 tamen
1812 3305 1890 3368 civis
1914 3303 1991 3388 (nee
2017 3314 2087 3372 erat

432 3407 620 3495 iniustum),
652 3430 709 3495 pro
740 3431 876 3474 munere
904 3410 1051 3495 ingessit.
1098 3430 1195 3474 curae
1224 3409 1303 3474 mihi
1327 3431 1344 3474 e
1368 3409 1509 3496 vestigio
1532 3409 1593 3474 fuit
1616 3409 1732 3494 hisque
1756 3409 1812 3492 qui
1835 3407 1984 3490 student,
2015 3431 2088 3476 curn

504 3695 506 3699 v
537 3669 550 3721 1
569 3669 661 3722 abruto
681 3670 704 3722 0
770 3670 899 3722 haucilitao
922 3669 950 3735 (h
967 3669 1069 3720 induxit
1088 3669 1135 3733 0¹)
1155 3670 1178 3721 0
1280 3667 1419 3722 ‘linuatus
1438 3670 1468 3720 Μ
1473 3669 1567 3722 TOFP
1634 3671 1739 3751 subdita,
1753 3673 1795 3723 sui
1813 3670 1864 3735 F1,
1887 3673 1985 3723 subitae
2003 3672 2047 3737 qui
2065 3671 2090 3721 L

432 3791 449 3844 3
474 3808 578 3858 nanque
596 3792 630 3842 Μ
718 3793 806 3860 proO
898 3793 1010 3860 dampna
1032 3791 1104 3844 Tou
1195 3793 1340 3861 intelligere
1362 3791 1492 3844 MTCFP
1619 3789 1781 3844 Acharibdis
1805 3792 1833 3856 Τ,
1859 3792 1969 3844 caribdis
1986 3791 2091 3843 MOFP

432 3870 600 3980 abligdrisser
618 3911 667 3978 L¹,
690 3913 856 3980 abligurisset
873 3913 902 3964 F
1020 3909 1037 3963 b
1061 3930 1210 3981 quanquam
1228 3913 1288 3964 ΜΤ
1370 3919 1503 3966 *attamen
1522 3911 1614 3978 (artam
1635 3912 1680 3964 tia
1699 3929 1766 3965 eras.
1787 3913 1820 3962 Μ
1825 3912 1846 3969 ¹)
1866 3913 1905 3977 Μ,
1928 3921 2045 3966 actamen
2063 3913 2092 3964 F

434 4033 499 4085 out
515 4033 590 4085 aiunt
611 4033 637 4083 Τ
710 4034 777 4086 vicia
799 4033 871 4085 Tou
980 4032 995 4084 ’1
1014 4036 1125 4087 intactas
1141 4034 1166 4086 L
1281 4032 1298 4084 8
1316 4033 1477 4085 matrimonio
1501 4033 1525 4083 Τ
1599 4035 1736 4101 assumpsit
1754 4033 1883 4086 MTOFP
1959 4035 2088 4087 natalibus

433 4160 603 4220 commentam
621 4153 663 4205 F¹
786 4151 803 4205 9
820 4155 884 4206 haec
903 4154 935 4220 L,
959 4163 1028 4208 esset
1045 4153 1174 4207 ΜΤΟΤΡ
1267 4153 1406 4221 voluptatis
1423 4153 1448 4204 L
1579 4151 1613 4206 10
1629 4157 1738 4223 megrsri
1755 4155 1780 4207 L
1910 4153 1941 4208 11
1960 4158 2088 4209 maxumis

434 4275 463 4338 (u
481 4291 549 4326 corr.
566 4273 595 4324 io
612 4274 621 4324 i
638 4271 690 4339 Μ’)
703 4271 735 4338 L,
753 4272 1012 4331 maximist'OFP
1079 4291 1116 4324 oo
1133 4281 1159 4326 at
1176 4273 1357 4326 difficillimum
1375 4275 1441 4328 eos?
1510 4232 1645 4328 indulserit
1659 4277 1703 4340 0¹,
1724 4259 1851 4330 indulseft
1867 4277 1898 4328 F
1999 4274 2031 4327 12
2048 4283 2088 4328 ast
2169 4307 2173 4314 ·

433 4395 526 4450 am.L
597 4351 714 4462 bpulstis
731 4393 772 4446 Μ’
853 4395 1011 4462 optineret)
1121 4392 1154 4446 13
1171 4411 1331 4476 consequens
1348 4395 1380 4460 L,
1404 4405 1430 4448 et
1448 4405 1505 4464 post
1523 4413 1683 4464 corrsequans
1701 4397 1831 4449 ΜΤὉΤΡ
1943 4395 1975 4449 14
1993 4415 2044 4464 qno
2062 4397 2092 4449 F

432 4519 522 4571 illicita
539 4517 573 4569 Μ
576 4516 669 4569 TGFB
757 4516 927 4584 praesumpsit
945 4515 1079 4580 LMCFP,
1102 4517 1257 4584 perpetravit
1280 4515 1305 4566 Τ
1390 4534 1493 4584 arcaque
1510 4517 1545 4567 Μ
1633 4535 1779 4586 quanquam
1796 4518 1853 4568 LM
1856 4519 1885 4582 Τ,
1908 4535 2036 4586 quaquam
2055 4517 2088 4582 F,

432 4643 544 4709 qdquam
562 4639 588 4690 P
654 4639 761 4706 nuptiae
778 4638 811 4702 L,
834 4639 908 4690 nnbti
929 4638 954 4688 Τ
1059 4635 1092 4691 15
1110 4638 1160 4690 hiis
1175 4638 1204 4690 F
1269 4647 1351 4706 agunt
1370 4655 1418 4690 om.
1439 4639 1461 4690 0
1531 4655 1562 4692 ae
1582 4639 1684 4692 LTCF
1749 4641 1849 4692 videres
1867 4636 1894 4690 L
2004 4637 2038 4692 16
2054 4597 2087 4705 qil

432 4760 512 4827 (corr.
529 4778 561 4813 aa
578 4757 615 4828 qd
632 4759 666 4810 Μ
669 4759 690 4826 ¹)
708 4759 766 4810 ΜΡ
853 4759 1033 4827 illecebrisque
1050 4759 1085 4810 Μ
1087 4757 1180 4811 ruff
1308 4757 1340 4810 17
1364 4776 1459 4832 memor
1482 4763 1561 4814 nostri
1584 4779 1640 4814 esse
1660 4763 1766 4829 dignare
1788 4761 1889 4813 dominc
1907 4777 1974 4828 papa
1991 4777 2040 4812 om.
2059 4760 2087 4823 T,

432 4883 478 4935 scd
495 4883 541 4950 laq.
555 4883 647 4934 VALE
664 4882 693 4932 in
709 4881 737 4932 Τ
815 4897 871 4934 esse
894 4882 1000 4948 dignare
1022 4882 1124 4933 domina
1146 4897 1212 4948 popo
1234 4899 1282 4933 om.
1295 4879 1400 4934 ΜΟΤΡ
1524 4881 1557 4934 18
1580 4899 1637 4934 osam
1658 4883 1728 4949 epist.
1748 4881 1789 4933 VI
1807 4882 1894 4934 ceteris
1915 4881 2013 4933 maioris
2034 4882 2088 4933 εἰπε

433 5005 616 5070 subscriptione
634 5001 736 5070 caplict't
752 5001 781 5068 Τ,
798 5019 864 5068 qum
882 5012 1001 5055 reanum
1014 5001 1159 5070 pallidiora
1176 5011 1320 5055 coemto
1337 5012 1448 5056 morato
1465 5012 1524 5056 aaut
1535 5004 1563 5054 in
1575 5003 1609 5053 M
1666 5003 1786 5056 Sidonius
1798 5021 1846 5055 om.
1857 5003 1886 5054 F
1942 5003 2088 5055 REMIGIO

432 5125 588 5177 PAPAEO
677 5123 786 5176 mintem
807 5141 855 5176 orn.
877 5123 931 5174 DF
1061 5121 1097 5176 20
1114 5139 1200 5176 remus
1218 5119 1257 5188 L,
1283 5125 1359 5176 remis
1378 5124 1407 5175 F
1495 5142 1541 5176 sou
1564 5125 1729 5192 bibliopolam
1748 5121 1852 5177 MOFP
1877 5201 1880 5208 Ι
1938 5125 2036 5190 praetio
2054 5119 2089 5188 L,

433 5246 534 5314 pcioG
628 5248 679 5298 fros
701 5247 759 5297 fuat
776 5241 811 5309 L,
834 5247 886 5297 fors
909 5246 964 5297 fuat
986 5263 1052 5298 eros.
1070 5245 1117 5309 0²,
1139 5245 1191 5297 fors
1214 5246 1328 5330 fructuat
1344 5243 1385 5295 ΡΙ
1519 5243 1552 5296 21
1577 5247 1728 5332 officiorane
1745 5245 1786 5296 1⁴³¹
1885 5244 2092 5298 scedio-MOFP

433 5363 468 5418 22
486 5367 531 5434 qui
549 5367 630 5419 redux
648 5366 723 5418 nobis
740 5373 819 5432 atquo
837 5365 884 5416 boa
900 5359 1463 5433 siquoiipodditoinimomorq.lep.frr11
1515 5324 1608 5434 oppidb
1620 5363 1662 5417 11¹
1716 5362 1877 5435 percertisL
1961 5363 1996 5416 23
2013 5381 2089 5432 quoe-

434 5504 546 5555 cumque
558 5455 683 5538 datolarat
693 5502 847 5552 quamquam
859 5485 966 5536 mercari
978 5486 1075 5552 paratis
1084 5482 1119 5551 L,
1131 5471 1254 5553 quicquid
1264 5485 1391 5539 detulerat
1399 5503 1555 5555 quamquam
1565 5488 1721 5554 (quanquam
1730 5484 1773 5552 M)
1782 5488 1888 5539 mercari
1897 5487 1992 5554 paratis
2001 5485 2089 5550 MFP,

435 5609 557 5677 quicquid
574 5623 610 5674 qq
627 5606 733 5658 mercari
751 5607 845 5674 paretis
867 5607 1031 5660 detuleratG
1096 5609 1161 5660 civis
1178 5605 1213 5673 L,
1235 5601 1287 5661 cui’
1300 5611 1327 5674 0,
1351 5619 1380 5663 ut
1397 5612 1462 5664 ciuis
1481 5609 1521 5676 (ut
1538 5629 1558 5664 a
1578 5611 1595 5663 t.
1614 5609 1675 5662 ortd.
1696 5609 1729 5659 M
1733 5609 1752 5674 ¹)
1771 5609 1853 5659 MFP
1960 5607 2089 5662 arcuna

435 5730 497 5782 mihi
514 5726 628 5792 LMFP,
649 5685 737 5780 amerb
754 5736 782 5779 at
799 5747 822 5781 o.
836 5731 863 5794 t',
885 5721 979 5782 cursm'
994 5729 1030 5782 0²
1107 5721 1214 5800 registio
1233 5729 1262 5783 F
