4634 6458
921 370 1233 426 Hnffl-uffi.
1345 437 1350 444 ι

616 542 676 607 hos
700 564 830 629 quoque
855 544 915 610 sub
939 546 1061 610 nostris
1085 544 1209 609 domuit
1233 545 1392 610 Servilius
1416 547 1523 610 armis.
1631 617 1637 624 ι

547 659 585 698 ⁴⁶⁵
618 647 762 711 concessi
787 646 926 712 Aetolos
951 655 1079 714 veteres
1103 648 1328 733 Acheloiaque
1352 669 1440 729 arva,

617 751 778 816 transfudi
801 751 980 817 Attalicum
1004 753 1089 818 male
1114 751 1248 817 credula
1271 757 1514 828 testamentum,

616 854 752 941 Epirum
776 855 915 920 retines:
939 862 975 919 tu
998 856 1072 934 scis,
1097 856 1148 919 cui
1171 854 1294 920 debeat
1316 856 1407 919 illam

617 958 773 1044 Pyrrhus.
819 961 852 1023 in
874 960 1043 1045 Illyricum
1066 965 1178 1046 specto
1203 965 1235 1024 tc
1260 960 1390 1024 mittere
1414 960 1485 1024 iura

615 1085 654 1128 ac
677 1063 841 1136 Macetum
866 1071 987 1129 terras:
1013 1071 1047 1128 et
1070 1062 1173 1128 habes
1197 1070 1242 1138 tu,
1266 1062 1380 1143 Paule,
1404 1070 1552 1150 nepotes.

620 1168 764 1254 Aegypti
788 1168 951 1234 frumenta
973 1167 1064 1232 dedi:
1088 1167 1168 1232 mihi
1191 1168 1316 1231 vicerat
1339 1167 1416 1232 olim

616 1272 791 1338 Leucadiis
815 1272 965 1359 Agrippa
986 1272 1088 1336 fretis.
1134 1272 1258 1336 Iudaea
1280 1278 1412 1337 tenetur

616 1375 677 1440 sub
701 1376 837 1443 dicione,
853 1382 919 1454 tua,
943 1382 1109 1461 tamquam
1134 1383 1169 1439 tu
1191 1375 1321 1440 miseris
1345 1375 1422 1440 illuc

615 1480 777 1564 insignem
802 1501 874 1545 cum
898 1486 991 1567 patre
1015 1479 1136 1546 Titum.
1181 1479 1241 1544 tibi
1265 1478 1388 1565 prria
1410 1502 1537 1546 merces

615 1585 736 1658 fertur;
760 1606 927 1670 pugnaces
949 1606 1013 1670 ego
1036 1606 1162 1672 pauper
1184 1585 1283 1650 laudo
1308 1584 1463 1651 Catones.

572 1725 577 1736 ·
616 1685 737 1752 Dorica
759 1694 792 1753 te
816 1689 914 1753 tellus
938 1696 971 1753 et
995 1688 1142 1754 Achaica
1165 1710 1242 1754 rura
1265 1691 1467 1766 tremiscunt,

616 1792 724 1856 tendis
749 1799 782 1856 et
804 1793 837 1857 in
861 1792 1019 1858 bimarem
1042 1793 1152 1858 felicia
1172 1815 1275 1878 regna
1299 1792 1495 1862 Corinthon:

616 1895 678 1976 dio,
703 1896 906 1982 Byzantinus
929 1897 1000 1982 quis
1023 1918 1092 1962 rem
1116 1897 1176 1960 tibi
1199 1897 1376 1962 Mummius
1400 1899 1487 1982 egit?

668 1999 735 2065 Sed
757 2001 783 2064 si
807 2000 890 2065 lorte
914 2001 1025 2086 placet
1047 2007 1178 2065 veteres
1203 2001 1313 2087 sopire
1338 2003 1500 2086 querelas,

614 2103 828 2168 Anthemium
852 2104 998 2168 concede
1022 2105 1112 2168 mihi.
1158 2105 1201 2170 sit
1223 2104 1372 2192 partibus
1396 2107 1467 2170 istis

617 2207 787 2293 Augustus
809 2209 1007 2293 longumque
1031 2207 1116 2284 Leo;
1140 2231 1211 2275 mea
1235 2209 1307 2274 iura
1324 2210 1486 2294 gubernet

615 2332 709 2396 quem
735 2311 829 2398 petii;
852 2313 960 2398 patrio
985 2313 1099 2378 vestiri
1123 2314 1246 2377 murice
1269 2319 1380 2378 natam

614 2415 758 2502 gaudeat
780 2415 999 2503 Euphemiam
1023 2415 1113 2481 sidus
1136 2417 1244 2481 divale
1267 2419 1423 2503 parentis.

615 2519 707 2586 adice
731 2527 907 2605 praeterea
929 2520 1093 2606 privatum
1115 2518 1158 2584 ad
1180 2519 1313 2606 publica
1336 2520 1466 2586 foedus:

617 2624 660 2687 sit
683 2645 778 2688 socer
800 2622 971 2709 Augustus
993 2643 1117 2708 genero
1141 2622 1305 2688 Ricimere
1327 2624 1460 2698 ,beatus3

562 2741 585 2776 ⁸³·
619 2726 789 2792 nobilitate
815 2727 951 2791 micant:
976 2733 1026 2791 est
1049 2727 1142 2791 vobis
1165 2727 1258 2812 regia
1280 2727 1383 2813 virgo,

616 2831 727 2914 regius
751 2831 806 2895 ille
829 2829 920 2895 mihi.
967 2830 995 2894 si
1018 2851 1155 2895 concors
1178 2830 1295 2894 annuis
1318 2829 1415 2908 istud,
1525 2917 1530 2923 1

575 2995 580 3004 .
613 2956 691 2999 mox
714 2933 854 3021 Libyam
877 2955 1010 3019 sperare
1034 2933 1137 3000 dabis.
1185 2934 1398 3020 circumspice
1422 2933 1537 3020 taedas

576 3122 581 3132 ι
614 3039 781 3124 antiquas:
806 3058 865 3125 par
888 3039 979 3103 nulla
1001 3039 1060 3103 tibi
1083 3038 1131 3102 sic
1155 3039 1274 3124 copula
1295 3044 1430 3124 praesto
1454 3045 1515 3103 est.

613 3142 759 3228 proferat
782 3142 834 3207 hic
858 3149 1008 3207 veterum
1033 3142 1196 3207 thalamos
1218 3141 1403 3209 discrimine
1427 3146 1538 3228 partos

557 3264 561 3280 ·
616 3247 768 3326 Graecia,
793 3247 826 3310 ni
848 3246 953 3332 pudor
977 3251 1045 3311 est:
1070 3245 1232 3331 reparatis
1256 3245 1333 3312 Pisa
1355 3244 1531 3330 quadrigis

615 3350 752 3415 suscitet
776 3350 991 3428 Oenomaum,
1015 3355 1112 3414 natae
1136 3370 1233 3434 quem
1256 3348 1371 3416 fraude
1396 3347 1567 3414 cadentem

616 3473 714 3517 ocrea
737 3452 888 3517 destituit
909 3452 1063 3516 resolutis
1087 3451 1203 3516 axibus
1226 3451 1330 3524 obex;
1445 3521 1447 3524 ,

612 3555 768 3643 procedat
791 3555 923 3621 Colchis
946 3557 1038 3642 prius
1062 3555 1175 3640 agnita
1197 3539 1296 3640 virgo'
1311 3541 1429 3619 marito

613 3660 749 3724 erimine
774 3680 871 3744 quam
895 3681 992 3735 sexu;
1016 3665 1145 3745 spectet
1167 3659 1209 3723 dc
1233 3671 1363 3724 oar'cere
1387 3659 1464 3724 circi

569 3779 580 3816 ⁵
614 3764 775 3850 pallentes
799 3763 958 3828 Atalanta
980 3784 1097 3850 procos
1122 3768 1155 3827 et
1177 3784 1274 3848 poma
1296 3762 1409 3827 decori

611 3869 831 3954 Hippomenis
854 3868 918 3932 iam
943 3887 1008 3931 non
1031 3888 1090 3953 pro
1115 3867 1185 3931 solo
1210 3867 1344 3951 colligat
1367 3879 1460 3941 auro;

613 3971 782 4052 Deianira,
807 3979 880 4037 tuas
905 3971 1073 4036 Achelous
1097 3969 1260 4056 gymnade
1283 3970 1416 4056 pinguis

612 4076 755 4140 illustret
776 4075 892 4140 taedas
916 4081 951 4140 et
974 4075 1015 4140 ab
1037 4075 1184 4140 Hercule
1207 4095 1341 4161 pressus
1365 4075 1484 4138 anhelo

611 4180 768 4244 lassatum
792 4179 903 4245 foveat
926 4180 1005 4244 rivis
1028 4179 1186 4244 rivalibus
1209 4179 1351 4244 hostem:

542 4299 562 4334 ι’
613 4285 821 4369 quantumvis
845 4285 967 4350 veteris
990 4291 1137 4370 repetam
1162 4283 1302 4349 conubis
1325 4284 1436 4364 saecli,

611 4387 849 4452 transcendunt
871 4387 923 4451 hio
946 4384 1075 4465 heroas,
1099 4385 1252 4450 heroidas
1276 4386 1341 4450 illa.

550 4512 553 4518 ·
611 4493 671 4557 hos
696 4492 869 4572 thalamos,
893 4491 1046 4568 Ricimer,
1070 4491 1183 4555 Virtus
1206 4490 1265 4555 tibi
1287 4491 1436 4578 pronuba
1460 4494 1568 4579 poscit

611 4603 708 4681 atque
732 4595 917 4662 Dionaeam
939 4597 997 4663 dat
1017 4597 1138 4662 Martia
1160 4599 1274 4663 laurea
1296 4605 1450 4684 myrtum.

611 4721 689 4785 crgo
712 4721 786 4785 age,
812 4701 905 4766 trade
929 4702 1034 4766 virum
1056 4722 1122 4766 non
1147 4702 1215 4765 otia
1237 4703 1332 4787 pigre
1355 4703 1522 4768 foventem

541 4819 578 4855 ⁵0⁵
610 4803 802 4888 deliciisque
826 4826 971 4890 gravem,
996 4805 1053 4870 sed
1077 4827 1173 4891 quem
1196 4805 1293 4871 modo
1316 4807 1466 4872 nauticus
1486 4809 1555 4872 urit

610 4913 721 4972 aestus
745 4907 963 4994 Abydenique
988 4909 1079 4974 sinus
1103 4917 1136 4974 et
1161 4909 1284 4975 Sestias
1308 4933 1366 4976 ora

247 5012 374 5020 -0————-
567 5017 614 5020 .—

345 5078 398 5132 465
415 5083 530 5133 astlrclos
548 5081 622 5132 codd.
692 5083 843 5148 acheloiqua
857 5084 895 5135 0·
999 5081 1050 5136 466
1068 5085 1190 5136 atalicum
1210 5083 1237 5147 0,
1254 5084 1394 5136 athalioum
1411 5084 1436 5133 Τ
1534 5083 1586 5137 468
1605 5087 1707 5153 pirrhus
1719 5089 1753 5152 F,
1771 5091 1855 5156 pirrus
1874 5089 1902 5151 Τ,

242 5169 344 5235 phirrus
364 5167 395 5230 0,
421 5168 519 5235 phyma
537 5167 586 5231 P⁸‚
612 5169 723 5235 phyrrus
741 5167 783 5219 Pb
922 5168 973 5221 473
997 5171 1092 5222 tithurn
1114 5171 1142 5234 Τ,
1169 5171 1275 5237 cythum
1298 5169 1324 5220 P
1458 5169 1511 5222 479
1537 5189 1597 5223 rura
1620 5171 1699 5223 Moltr
1717 5189 1725 5222 .·
1746 5174 1802 5226 iura
1825 5175 1900 5226 codd.

241 5252 293 5306 476
317 5255 431 5306 bimareu
453 5254 478 5304 Τ
603 5251 655 5304 479
678 5256 741 5322 ipsis
758 5255 788 5305 F
912 5256 964 5309 480
987 5256 1036 5323 leo]
1059 5275 1115 5310 meo
1139 5257 1179 5306 Τ4
1269 5255 1334 5322 iura]
1353 5275 1439 5324 regna
1462 5257 1487 5307 Τ
1608 5256 1660 5309 482
1684 5261 1850 5326 euphymiam
1871 5262 1902 5320 0,·

241 5341 378 5408 eupimiam
396 5340 427 5404 P,
452 5340 607 5407 euphimiam
632 5339 660 5402 T,
683 5342 811 5392 eufimiam
831 5341 860 5393 F
990 5341 1043 5394 484
1066 5344 1108 5393 Fit
1127 5343 1161 5393 0¹
1264 5343 1385 5395 recimere
1404 5343 1522 5395 P⁸OTF
1653 5343 1712 5396 491.
1735 5345 1787 5397 499
1809 5365 1858 5398 ont.
1877 5347 1905 5397 F

241 5423 290 5476 491
310 5443 461 5478 conomaum
474 5426 499 5476 P
600 5424 652 5478 492
671 5429 777 5480 resoluti
789 5427 815 5478 P
914 5426 965 5480 493
983 5429 1102 5480 maritiC'
1202 5427 1254 5480 495
1271 5429 1401 5480 athalanta
1417 5429 1470 5493 ΤΡ,
1486 5432 1633 5484 athalantos
1649 5433 1671 5484 0
1675 5433 1693 5498 ¹,
1711 5433 1841 5486 athalanta
1856 5435 1902 5498 0¹,

241 5511 397 5564 athlantaF
482 5510 535 5564 496
554 5513 743 5580 hipomsnesT
831 5512 882 5565 497
905 5516 1019 5566 heianira
1036 5523 1053 5567 t.
1072 5515 1239 5568 achelorisF
1332 5513 1383 5566 499
1401 5517 1473 5568 rivus
1490 5518 1665 5570 rivialibusF
1751 5515 1804 5570 th)
1821 5537 1901 5585 quau·

241 5600 342 5650 tumvix
354 5598 380 5649 P
457 5599 552 5651 veteris
569 5607 681 5668 repetam
693 5601 723 5651 F
798 5602 852 5652 sedi
866 5602 891 5652 P
1005 5599 1055 5654 501
1075 5603 1164 5654 heroes
1177 5601 1206 5653 F
1284 5602 1401 5655 heroidas
1418 5603 1513 5670 culpo:
1529 5603 1647 5656 heroides
1665 5604 1739 5656 codd
1820 5606 1864 5657 ille
1880 5604 1906 5654 Τ

241 5683 508 5738 terracinenses.
615 5685 666 5740 503
684 5689 800 5740 dioenam
814 5687 843 5738 F
943 5686 995 5741 506
1016 5697 1100 5742 sertus
1118 5688 1170 5752 ΤΡ,
1188 5697 1259 5741 ustus
1272 5690 1300 5741 F
1366 5691 1523 5758 abydiniquo
1538 5691 1589 5754 ΟΡ,
1606 5691 1754 5758 abidinique
1772 5691 1822 5743 'PF

348 5808 476 5858 sinemus.
1660 5803 1695 5859 ‘24
