4560 6434
781 411 889 466 meaa
907 413 941 478 ΙΙ,
964 413 1003 468 IX
1022 415 1038 482 ἕ
1055 414 1073 468 3
1091 443 1124 454 -
1143 414 1182 468 III
1200 415 1216 482 ὅ
1234 415 1259 468 5.
1777 418 1842 480 319

197 581 299 645 vestri
329 604 456 648 mecum
484 584 660 650 abstulisse
685 585 863 671 conspicio.
909 592 942 652 et
965 589 1176 675 omnipotenti
1200 587 1262 653 deo
1286 588 1408 673 gratias
1437 608 1537 674 super
1565 592 1630 652 tam
1663 588 1845 653 admirabili
1877 591 1896 653 3
1926 584 1959 657 G

199 685 284 749 sacto
308 686 378 750 eius
401 689 522 768 refero,
553 689 638 775 quod
661 689 707 754 ita
729 691 875 775 generali
899 691 1042 757 tribuere
1066 691 1310 778 dispensatione
1341 692 1492 778 dignatus
1522 696 1588 772 est,
1617 697 1654 755 ut
1679 692 1764 757 inter
1786 714 1843 757 eos

198 811 278 876 quos
301 792 446 855 locorum
470 793 643 858 intervalla
667 792 886 859 discriminant
909 795 1052 860 liberae
1077 797 1173 860 nullis
1197 797 1370 860 conclusus
1386 796 1555 861 absentiae
1571 795 1700 880 legibus
1717 796 1843 860 animus

199 902 398 960 commearet
422 896 566 982 nihilque
591 904 681 963 esset
703 904 770 963 tam
792 900 1053 985 impenetrabile,
1077 901 1162 987 quod
1187 901 1305 966 mentis
1329 900 1516 988 aspectibus
1539 920 1605 964 non
1622 904 1760 986 pateret,
1783 899 1842 964 sed

158 1011 169 1049 ⁵
198 1019 257 1084 per
280 999 387 1064 cordis
411 1000 563 1066 intuitum
586 1001 661 1068 inde
686 1004 877 1070 seinvicem
898 1005 973 1085 cari,
996 1005 1104 1090 gratia
1119 1006 1366 1085 intercurrente,
1390 1004 1628 1091 conspicerent,
1652 1003 1709 1067 ubi
1726 1004 1843 1068 caritas

197 1103 269 1189 ipsa
302 1105 459 1172 consistit.
526 1112 560 1171 et
596 1105 671 1171 ideo
714 1107 853 1173 salutem
890 1109 1100 1195 plenissimae
1138 1131 1218 1195 erga
1256 1131 1326 1190 ma,
1369 1114 1525 1194 quantum
1565 1107 1696 1193 propria
1735 1112 1845 1172 menta
1876 1113 1895 1171 4

198 1207 337 1287 conicio,
368 1209 482 1294 pietati
510 1216 640 1275 vestrae
671 1211 839 1294 deferens,
873 1214 960 1277 omni
991 1235 1126 1299 precum
1156 1213 1333 1278 ambitione
1362 1212 1517 1298 deposco:
1554 1211 1581 1276 si
1609 1211 1702 1276 uobis
1731 1232 1845 1297 parem

198 1312 380 1396 repensatis
402 1313 567 1393 affectum,
591 1315 617 1378 si
640 1315 738 1379 simili
762 1336 822 1381 nos
846 1318 980 1382 caritate
1004 1317 1148 1402 diligitis,
1172 1318 1200 1382 si
1221 1316 1342 1402 aliquid
1358 1317 1391 1382 in
1406 1315 1587 1382 visceribus
1602 1315 1720 1381 vestris
1735 1335 1844 1380 amore

196 1421 308 1479 noster
331 1423 493 1503 operatur,
525 1418 679 1503 eiusque
703 1419 743 1484 ad
774 1420 933 1485 medullas
965 1421 1197 1486 cordisvestri
1226 1421 1358 1485 dilectio
1388 1426 1501 1484 nostra
1530 1419 1693 1506 pervenit,
1724 1419 1751 1482 si
1777 1425 1843 1482 tam

146 1532 171 1568 1⁰
199 1539 255 1582 vos
279 1541 337 1604 pro
361 1541 412 1584 me
437 1541 533 1606 quam
557 1543 609 1586 me
634 1543 694 1608 pro
717 1523 809 1588 vobis
832 1523 1005 1589 dulcedine
1035 1526 1207 1611 potestatis
1237 1524 1398 1604 edomuit,
1426 1528 1463 1587 ut
1490 1522 1626 1610 imperio
1652 1523 1755 1609 ipsius
1782 1544 1844 1588 nec

196 1623 326 1708 possitis
350 1625 505 1690 resistere
529 1647 589 1692 nec
612 1626 730 1708 velitis,
758 1627 800 1693 ad
822 1628 1064 1695 desiderantem
1086 1630 1230 1712 fratrem,
1263 1633 1289 1697 si
1312 1629 1491 1708 desideras,
1516 1626 1707 1713 quantocius
1732 1628 1844 1692 venire

197 1727 323 1808 festina,
347 1728 505 1794 beneficio
529 1735 561 1794 ct
582 1732 778 1815 promissum
795 1734 960 1799 soluturus
980 1734 1126 1800 debitum
1144 1743 1177 1800 et
1192 1741 1340 1800 mutuum
1356 1734 1563 1819 mitigaturus
1579 1732 1746 1806 affectum3
1770 1733 1845 1816 quia

197 1852 304 1894 coram
333 1832 430 1917 positi
458 1834 628 1919 aequalem
654 1835 747 1900 vobis
777 1838 918 1921 gratiam
948 1838 989 1903 de
1019 1846 1131 1905 nostra
1159 1838 1430 1925 contemplatione
1454 1843 1487 1901 et
1510 1835 1724 1901 collocutione
1747 1857 1843 1921 prae-

199 1935 357 1999 stabimus
380 1941 587 2022 tantumque‚
619 1939 659 2020 si,
683 1945 720 2003 ut
743 1941 901 2026 diligeris,
926 1941 1050 2028 diligis,
1074 1966 1094 2008 a
1115 1966 1167 2008 me
1190 1943 1391 2009 retribuetur
1412 1941 1541 2007 caritati
1563 1947 1656 2018 tuae,
1686 1945 1842 2025 qnantum

148 2052 171 2089 1³
200 2045 351 2104 tumeas
375 2040 447 2126 ipse
471 2041 640 2107 detuleris.
684 2064 745 2108 nec
768 2066 847 2111 sane
873 2047 907 2110 in
928 2046 1090 2112 veniendo
1113 2048 1338 2133 fatigationem
1362 2045 1483 2133 poteris
1499 2043 1684 2124 formidare,
1701 2045 1786 2130 quia,
1808 2031 1845 2109 ut
1876 2049 1895 2107 5

197 2142 251 2207 ille
281 2143 377 2223 dixit,
400 2144 495 2208 vicit
525 2145 602 2209 iter
629 2144 768 2211 durum
797 2149 925 2234 pietas
957 2157 990 2216 et
1017 2151 1109 2215 iuxta
1137 2153 1321 2236 apostolum
1349 2157 1494 2216 nostrum
1525 2149 1676 2214 caritas
1706 2148 1844 2214 omnia

162 2289 163 2292 =
197 2247 396 2328 sustinet,
427 2270 511 2334 quae
540 2270 601 2315 uec
633 2253 761 2336 quaerit
784 2273 867 2339 quae
892 2275 952 2318 sua
973 2260 1049 2318 sunt
1071 2275 1131 2320 nec
1154 2277 1309 2341 umquam
1332 2255 1422 2318 novit
1445 2253 1616 2320 excedere.
1662 2257 1841 2339 opportune

197 2351 295 2415 etiam
318 2351 516 2416 desideranti
539 2354 654 2418 viatori
677 2358 872 2421 autumnalis
895 2360 1051 2444 temporis
1075 2360 1227 2444 congruit
1251 2381 1323 2423 cum
1347 2358 1484 2424 caritate
1508 2357 1695 2444 temperies,
1719 2357 1745 2421 si
1769 2378 1842 2422 earn

196 2461 305 2520 tamen
328 2457 524 2542 praeteritae
548 2459 685 2523 aestatis
708 2460 817 2526 ferror
840 2462 1007 2545 accendat,
1029 2483 1093 2527 non
1116 2463 1319 2528 advenientis
1342 2463 1459 2528 hiemis
1482 2463 1575 2547 algor
1598 2462 1797 2546 exstinguat.

143 2727 169 2766 ²⁰
991 2720 1051 2788 XI.

651 2874 763 2940 man
785 2874 1010 2942 EPISTULA
1031 2876 1179 2943 DOMNI
1200 2875 1388 2943 RURIOII.

298 2994 466 3088 Ruaearrs
488 3023 606 3089 litteris
622 3023 715 3104 meis,
739 3023 879 3088 fortasse
897 3023 1075 3102 miraberis,
1098 3023 1184 3109 quod
1200 3022 1401 3088 venerationi
1418 3027 1494 3086 tuae
1515 3021 1530 3084 I
1533 3021 1627 3086 ratri
1645 3019 1840 3105 scripserim,
1876 3022 1889 3081 1

198 3146 270 3189 cum
294 3125 356 3190 hoc
380 3148 439 3190 noc
463 3129 562 3192 aetati
586 3134 715 3193 nostrae
740 3129 911 3192 conveniat
934 3149 995 3192 uec
1022 3127 1150 3210 honori,
1181 3129 1257 3214 quia
1285 3127 1368 3192 sicut
1395 3149 1448 3191 ma
1478 3125 1582 3190 maior
1610 3147 1644 3191 es
1672 3131 1766 3206 natu,
1797 3124 1843 3188 ita

196 3229 301 3294 minor
331 3253 366 3296 es
398 3231 512 3316 gradu.
564 3240 596 3298 et
623 3231 713 3312 ideo,
747 3231 773 3296 si
801 3232 842 3296 ad
876 3238 965 3297 tuam
995 3231 1056 3297 deo
1086 3232 1225 3319 propitio
1254 3231 1508 3318 longaevitatem
1539 3235 1596 3294 aut
1627 3227 1668 3293 ad
1698 3233 1842 3292 nostram

144 3345 169 3384 2⁵
195 3335 456 3418 respexissemus
480 3335 806 3417 administrationem,
836 3342 892 3400 aut
914 3336 1000 3423 patri
1022 3336 1164 3402 scribere
1188 3336 1405 3401 debueramus
1428 3341 1485 3399 aut
1507 3334 1584 3399 filio.
1629 3333 1687 3397 sed
1710 3332 1786 3418 quia
1809 3338 1843 3396 et
1874 3335 1894 3395 2

197 3444 329 3502 sanctus
352 3437 517 3504 Iohannes
550 3441 719 3526 apostolus
750 3440 782 3503 in
815 3440 956 3524 epistula
985 3460 1043 3503 sua
1071 3440 1144 3503 unis
1177 3438 1363 3524 eisdemque
1387 3443 1420 3503 et
1442 3437 1590 3523 patribus
1615 3443 1649 3502 et
1671 3435 1842 3500 iuvenibus

199 3541 313 3606 scribit
336 3549 369 3608 et
391 3544 517 3629 pueris,
545 3543 672 3607 dicens:
705 3543 834 3607 scribo
857 3543 985 3622 vobis,
1014 3549 1165 3628 patres,
1196 3543 1288 3629 quia
1318 3541 1565 3627 cognovistis
1594 3563 1678 3606 eum
1708 3540 1771 3627 qui
1794 3540 1841 3604 ab

197 3643 309 3709 initio
341 3653 408 3713 ast.
453 3647 582 3712 scribo
603 3646 731 3726 vobis,
764 3647 943 3726 iuvenes,
975 3647 1074 3732 quia
1103 3647 1256 3711 vicistis
1285 3646 1511 3732 malignum.
1556 3645 1687 3711 scribo
1709 3644 1841 3723 vobis,

195 3749 322 3832 pueri,
347 3751 444 3835 quia
468 3751 721 3837 cognovistis
744 3757 906 3837 patrem.
945 3771 1009 3836 qua
1029 3750 1226 3816 discretione
1242 3750 1416 3816 verborum
1432 3771 1497 3814 non
1513 3757 1655 3815 aetatem
1671 3747 1841 3814 exterioris

144 3865 169 3903 ³⁰
197 3851 336 3918 hominis
369 3854 427 3921 sed
461 3856 651 3942 qualitatem
680 3855 845 3921 interioris
874 3855 1030 3940 assignat.
1079 3855 1112 3918 in
1143 3860 1298 3940 quantum
1329 3855 1416 3919 enim
1443 3855 1477 3919 in
1507 3853 1559 3918 dei
1590 3852 1776 3938 cognitione
1804 3873 1842 3915 ac
1874 3853 1893 3914 3

197 3954 371 4022 dilectione
401 3960 600 4045 proficimus,
630 3965 741 4045 patres
774 3959 844 4024 sine
875 3958 974 4023 dubio
1005 3978 1241 4044 nuncupamur.
1285 3958 1320 4022 in
1353 3964 1510 4043 quantum
1533 3977 1612 4022 vero
1642 3961 1755 4020 contra
1784 3954 1841 4018 ad-

195 4062 390 4144 versarium,
422 4063 476 4148 qui
504 4070 704 4149 tamquam
733 4063 794 4128 leo
825 4063 983 4142 circuit,
1014 4082 1211 4148 quaerens
1240 4082 1350 4146 quem
1379 4061 1558 4141 devoret,
1586 4060 1725 4125 viriliter
1746 4057 1841 4123 dimi-

198 4185 320 4246 camus,
344 4166 481 4232 iuvenes
505 4187 579 4232 esse
603 4168 837 4252 cognoscimur.
874 4169 908 4232 iu
931 4175 1088 4254 quantum
1104 4188 1182 4232 vero
1199 4167 1369 4232 socordiae
1385 4165 1596 4252 desidiaeque
1613 4165 1843 4229 committimur

198 4274 231 4333 et
254 4267 295 4332 ad
318 4270 532 4336 incedendam
555 4272 782 4338 mandatorum
798 4274 884 4338 viam
907 4273 985 4338 fidei
1008 4274 1195 4338 infirmitate
1219 4271 1387 4337 deficimus
1410 4277 1507 4356 atque
1531 4270 1572 4334 ad
1596 4267 1781 4334 contuenda
1804 4289 1842 4330 ac

144 4385 169 4422 ³⁵
196 4372 386 4458 peragenda
407 4382 584 4461 praecepta
607 4375 715 4440 divina
738 4399 758 4441 a
781 4377 998 4442 saecularium
1023 4383 1154 4441 actuum
1177 4377 1358 4442 intentione
1382 4375 1476 4460 quasi
1500 4397 1518 4439 e
1543 4395 1656 4439 somno
1674 4374 1841 4459 segniores

197 4477 414 4561 assurgimus,
446 4480 626 4544 rectissima
655 4501 831 4566 puerorum
863 4481 997 4546 levitate
1029 4502 1211 4546 censemur.
1262 4479 1349 4544 unde
1381 4485 1415 4544 et
1447 4479 1614 4564 apostolus
1643 4477 1766 4542 Paulus
1796 4477 1842 4540 ita
1874 4482 1892 4540 4

198 4587 382 4645 commonet
404 4583 651 4668 neglegentem:
683 4605 799 4669 surge
830 4586 896 4669 qui
925 4584 1073 4649 dormis
1105 4589 1145 4649 et
1177 4605 1348 4669 exsurge
1372 4606 1392 4647 a
1414 4583 1579 4648 mortuis
1609 4587 1642 4646 et
1671 4581 1840 4665 continges

198 4681 365 4748 Christum
396 4685 465 4750 sive
496 4687 764 4751 inluminabit
794 4693 834 4753 te
858 4687 1059 4753 Christus.
1104 4708 1179 4751 narn
1208 4693 1240 4750 et
1269 4686 1418 4752 dominus
1440 4687 1474 4750 in
1498 4685 1683 4771 evangelio,
1715 4705 1788 4748 cum
1812 4684 1842 4749 ei
1874 4688 1893 4746 5

197 4809 217 4851 a
249 4787 536 4855 circumstantibus
572 4789 747 4856 diceretur:
793 4811 882 4856 ecce
920 4795 1047 4856 mater
1086 4798 1155 4856 tua
1191 4795 1231 4855 at
1267 4790 1417 4856 fratres
1456 4791 1515 4854 tui
1552 4793 1752 4876 quaerunt
1788 4794 1841 4870 te,

301 4996 435 5066 16Verg.
454 4995 658 5061 traversae.
716 4998 738 5051 I.
755 4997 816 5052 Cor.
835 4995 910 5060 XIII,
929 4997 954 5051 1.
1050 4994 1081 5051 11
1103 4998 1126 5052 Ι.
1142 4996 1202 5050 Cor.
1221 4996 1295 5060 XIII,
1314 4998 1339 5052 5.
1357 4999 1382 5051 8.
1475 4997 1509 5050 21
1533 4999 1555 5053 Ι.
1574 4997 1670 5051 Ioann.
1687 4997 1722 5063 II,
1742 4995 1781 5049 13.
1801 4994 1841 5049 14.

196 5083 230 5138 32
252 5084 273 5139 Ι.
291 5085 351 5139 Pet.
364 5084 397 5148 V,
415 5086 440 5140 8.
526 5084 559 5139 31
583 5084 732 5155 Ephesii,
751 5084 792 5140 14.
878 5085 913 5138 39
930 5083 1014 5138 Marc.
1031 5085 1079 5149 m,
1097 5085 1139 5138 32.

300 5225 313 5278 1
334 5227 381 5278 deo
392 5253 425 5263 -
438 5224 456 5276 6
473 5221 599 5292 consistit]
618 5241 649 5277 eu
666 5225 775 5292 apiendo
786 5223 880 5275 Fausti
896 5243 936 5276 ar.
950 5224 1009 5289 III,
1026 5241 1108 5291 aspra
1121 5243 1150 5291 p.
1166 5228 1223 5290 269,
1233 5225 1280 5276 ’14
1297 5225 1390 5276 bamur
1402 5223 1523 5275 Ruricius
1540 5223 1615 5290 infra
1627 5222 1668 5286 II,
1679 5225 1714 5275 62
1729 5223 1843 5289 repetiuit

195 5314 213 5366 3
230 5316 416 5367 discrimantll
478 5313 619 5365 concluso
731 5310 747 5362 6
765 5309 937 5380 plenissimae]
956 5312 1061 5379 scripsi,
1079 5313 1226 5379 plenissime
1247 5312 1284 5376 G,
1307 5313 1492 5364 sincerissimae
1509 5312 1584 5378 infra
1599 5327 1625 5376 p.
1643 5313 1709 5373 343,
1733 5310 1750 5361 l.
1767 5315 1791 5360 4.
1810 5312 1844 5362 36

196 5399 212 5452 7
231 5403 382 5452 deferenti}
479 5399 496 5452 8
513 5401 645 5452 caritatem
659 5399 682 5449 G
739 5394 870 5464 amore]G
969 5397 986 5449 9
1003 5399 1025 5450 si
1042 5395 1103 5464 tarn]
1117 5399 1216 5464 scripsi,
1234 5399 1271 5449 sic
1282 5417 1298 5449 a
1312 5398 1343 5462 G,
1360 5400 1382 5449 si
1400 5399 1435 5448 ita
1446 5396 1564 5447 &nisius
1662 5393 1693 5446 11
1713 5397 1844 5448 uellitisG

196 5484 227 5552 ei]
243 5487 278 5550 G,
296 5505 343 5537 om.
358 5487 476 5538 Oeniriua
534 5482 671 5552 desideras]
696 5485 798 5551 scripsi,
820 5484 966 5536 desiderans
981 5483 1005 5535 G
1100 5481 1133 5534 12
1150 5480 1254 5550 festina]
1278 5484 1382 5549 scripsi,
1405 5485 1533 5536 festinabo
1552 5483 1576 5534 0
1671 5480 1704 5534 13
1727 5484 1802 5536 nobis
1820 5484 1844 5535 G

197 5569 229 5622 17
248 5581 388 5639 oportunae
409 5573 432 5624 0
513 5571 546 5624 19
563 5569 677 5639 aestatis]
696 5571 723 5622 iu
740 5589 792 5623 rar.
808 5571 848 5622 (Ρ
919 5569 953 5622 21
971 5572 1058 5623 domni
1075 5571 1192 5622 rurieiG
1271 5569 1305 5622 22
1322 5571 1418 5622 relictis
1432 5571 1471 5622 0¹
1550 5569 1585 5622 28
1602 5571 1670 5622 sribe
1688 5599 1721 5608 -
1739 5572 1844 5623 sriboG

196 5657 230 5711 29
247 5660 369 5712 aetatatl
472 5658 507 5712 30
523 5658 685 5726 qualitatsG
786 5656 820 5710 33
837 5659 940 5710 iuuenis
954 5658 978 5709 0
1045 5658 1223 5725 cognoscimus
1239 5657 1262 5714 G
1370 5655 1404 5714 36
1421 5653 1535 5726 leuitate]
1557 5657 1687 5730 camna
1710 5657 1844 5718 leuitaeG

196 5744 229 5806 37
247 5747 374 5818 contingis
389 5747 412 5798 G
514 5743 548 5805 38
565 5746 732 5807 inlumiuauit
751 5746 774 5797 (Ι
876 5743 911 5802 39
928 5743 964 5816 te]
983 5763 1030 5800 om.
1047 5745 1070 5800 G
