4732 6436
447 430 509 480 XVI
1038 418 1247 476 PRAEFATIO
1265 420 1305 475 IN
1324 419 1502 474 SIDONIVM

446 621 478 685 p.
498 602 623 679 125,15
646 597 698 662 lois
719 596 822 662 licebit
843 597 971 662 meniis
991 617 1117 661 avocere
1140 601 1322 681 sequnntur
1343 617 1409 661 non
1425 595 1560 661 dubium
1577 598 1630 660 est
1645 593 1722 678 quin
1738 590 1938 668 defecerim
1962 613 2129 679 nemque.

447 725 532 768 nunc
554 703 671 789 partim
694 703 726 768 in
751 723 864 766 rasura
887 700 1005 787 partim
1028 701 1062 765 in
1085 701 1230 785 margine
1246 721 1266 764 0
1281 720 1379 764 manu
1394 699 1460 776 illa,
1483 719 1581 784 quam
1605 697 1709 784 ipsius
1733 696 1858 761 librarii
1882 697 2015 762 saeculo
2040 720 2105 762 uon

447 807 662 887 recentiorem
685 826 758 871 esse
780 804 898 884 iudico,
921 803 1104 890 perscripta
1128 803 1338 868 inveniuntur
1359 823 1425 866 uns
1442 823 1515 866 eum
1532 801 1594 866 hae
1611 800 1870 887 subscriptione:
1900 799 1940 865 G.
1960 800 2110 866 SOLLII

447 907 725 997 apoLLINARIS
760 905 958 994 SIDONJH]
995 895 1176 972 EPLARV
1200 893 1287 974 ΜΒ.
1304 905 1381 970 VII.
1406 903 1630 969 EXPLICIT.
1655 904 1827 970 INCIPIT
1849 903 1997 969 LIBER.
2013 905 2108 970 VIII.

446 1015 556 1100 Atque
581 1014 678 1078 etiam
700 1014 785 1078 10100
806 1013 864 1077 1110
887 1011 1082 1097 subscriptio
1112 1012 1187 1075 olim
1213 1011 1340 1100 videtur
1367 1010 1535 1074 exstitisse
1562 1015 1638 1095 post
1662 1031 1714 1096 cp.
1737 1010 1759 1074 l.
1776 1008 1915 1090 VIII,8,
1940 1009 1998 1074 ubi
2022 1030 2108 1074 nunc

447 1119 529 1184 hacc
553 1141 584 1204 p.
604 1120 674 1196 134,
689 1120 729 1180 24
751 1137 860 1181 cernor
881 1137 978 1196 quam
993 1137 1119 1180 00000000
1134 1136 1265 1180 onerare
1279 1115 1347 1196 0010
1362 1113 1515 1180 Sidonius
1530 1113 1701 1194 lampridio
1717 1134 1775 1178 suo
1789 1113 1926 1178 salutcm
1941 1115 1974 1178 in
1993 1135 2109 1178 rasura

446 1223 610 1307 leguntur.
655 1221 755 1285 Porro
779 1241 829 1306 00.
854 1218 1023 1301 1.v111,2
1052 1240 1134 1304 quae
1163 1241 1221 1294 suo
1249 1219 1321 1284 loco
1345 1239 1410 1282 nou
1433 1225 1616 1304 comperet,
1646 1217 1760 1282 folium
1791 1217 1887 1299 illud,
1919 1217 2003 1304 quod
2030 1224 2107 1284 ante

447 1326 585 1411 primum
610 1323 858 1410 quaternionem
880 1322 1025 1387 additum
1042 1344 1117 1388 esse
1134 1322 1211 1391 dixi.
1236 1327 1374 1409 occupat
1390 1322 1432 1386 ab
1450 1321 1565 1387 eadem
1583 1322 1830 1407 manuscripta,
1855 1343 1953 1407 quam
1973 1323 2107 1408 saepius

446 1428 676 1494 demonstravi.
725 1427 875 1514 Itemque
903 1427 981 1492 olim
1012 1448 1062 1513 ep.
1091 1427 1197 1507 LIX,
1224 1430 1237 1488 1
1264 1426 1392 1500 deerat;
1428 1448 1503 1492 nam
1532 1426 1604 1492 eius
1633 1425 1760 1490 initium
1790 1425 1923 1512 quidem
1951 1432 2024 1512 post
2054 1448 2106 1511 ep.

445 1534 467 1598 l.
481 1531 576 1612 VIII,
592 1534 629 1595 16
653 1531 799 1596 additum
822 1537 882 1610 000,
906 1530 965 1596 000
989 1531 1115 1616 relique
1137 1529 1212 1596 inde
1237 1531 1277 1595 ab
1299 1530 1355 1594 illo
1373 1529 1420 1616 (p.
1440 1532 1511 1611 149,
1526 1528 1560 1614 4)
1576 1529 1788 1594 coturnicibus
1803 1535 1961 1594 accrescat
1976 1531 2009 1595 in
2025 1530 2102 1595 tolio

445 1637 513 1716 illo,
538 1635 624 1720 quod
649 1635 855 1722 quaternioni
878 1639 993 1720 quarto
1017 1632 1142 1698 decimo
1165 1634 1322 1699 insertum
1349 1655 1423 1699 esse
1446 1634 1530 1713 dixi,
1554 1634 1601 1698 ita
1624 1639 1760 1700 exarata
1784 1640 1869 1713 sunt,
1891 1640 1927 1699 ut
1950 1656 2103 1719 magnum

447 1739 589 1826 epatium
613 1760 633 1802 a
656 1740 815 1825 scriptura
838 1744 943 1804 vacet.
988 1738 1140 1825 Denique
1168 1737 1200 1802 in
1224 1738 1321 1803 tertio
1345 1739 1424 1803 folio
1448 1738 1587 1803 adverso
1612 1760 1629 1804 e
1653 1737 1897 1824 duodetriginta
1919 1737 1993 1820 illis,
2018 1760 2102 1824 quae

446 1866 545 1930 supra
560 1843 709 1909 codicem
724 1841 877 1908 claudere
900 1842 978 1923 dixi,
1002 1862 1118 1906 manus
1141 1842 1231 1928 prior
1253 1847 1333 1906 satis
1357 1843 1449 1928 nigro
1466 1847 1650 1907 atramento
1665 1865 1727 1907 usa
1743 1843 1862 1907 desinit
1877 1865 1943 1907 una
1960 1863 2033 1906 cum
2050 1865 2103 1929 ep.

446 1950 468 2014 l.
482 1947 537 2028 lX,
554 1950 590 2020 0;
614 1968 697 2035 quae
721 1952 901 2034 sequuntur
924 1947 1033 2011 omnia
1056 1945 1172 2012 eadem
1195 1967 1322 2026 manus,
1347 1967 1431 2032 quse
1447 1954 1557 2034 partes
1575 1948 1714 2012 omissas
1732 1947 1908 2034 supplevit,
1931 1946 2102 2033 pallidiore

446 2056 628 2116 atramento
652 2057 684 2116 et
707 2051 826 2116 litteris
848 2050 1078 2116 minutioribus
1101 2049 1237 2135 insignis
1261 2049 1386 2115 addidit
1414 2057 1583 2136 totumque
1608 2050 1754 2116 codicem
1777 2051 1965 2116 absolutum
1989 2072 2101 2116 emen-

351 2235 353 2238 ,
445 2153 545 2218 davit.
591 2153 726 2218 Addidit
749 2161 858 2219 autem
876 2154 998 2219 Sidonii
1023 2176 1074 2240 ep.
1091 2154 1112 2219 l.
1126 2153 1185 2234 IX,
1200 2156 1305 2217 7-16
1329 2160 1363 2218 00
1386 2175 1483 2218 carm.
1499 2154 1655 2235 I—-VIII,
1680 2155 1739 2221 sed
1763 2155 1891 2220 omissis
1914 2177 1932 2220 e
1956 2178 2052 2221 earm.
2068 2155 2103 2219 II

446 2280 497 2324 vv.
518 2260 685 2323 183-548
710 2264 744 2324 00
765 2280 862 2325 carm.
878 2258 963 2323 VIII
987 2257 1183 2344 transposito
1212 2263 1288 2322 ante
1312 2279 1410 2322 earm.
1428 2257 1492 2334 VI;
1524 2265 1592 2322 tum
1615 2258 1753 2324 Ausonii
1780 2259 1821 2342 de
1846 2258 2017 2325 duodecim
2041 2260 2101 2324 im-

447 2361 654 2448 peratoribus
671 2360 891 2427 Romanorum
910 2361 1056 2426 carmina
1077 2360 1141 2426 tria
1163 2361 1289 2445 aliquot
1310 2361 1461 2426 versibus
1486 2363 1643 2438 carentia;
1667 2362 1787 2428 deinde
1809 2363 1902 2427 Remi
1922 2363 2028 2445 savini
2051 2363 2102 2429 De

439 2466 573 2547 pmcdib3
595 2471 624 2530 et
647 2467 766 2531 rasuris
788 2487 902 2534 versus
927 2467 998 2544 (cfr.
1011 2466 1051 2530 A.
1069 2465 1169 2531 Riese
1193 2465 1283 2529 anth.
1306 2466 1362 2529 lat.
1387 2465 1478 2552 486);
1507 2465 1647 2552 deniqne
1669 2466 1757 2548 Reae
1779 2467 1824 2531 ad
1843 2465 1990 2548 coporida
2010 2468 2099 2532 boro-

446 2569 529 2650 loaia
557 2575 743 2656 praecepta.
793 2569 889 2634 Romi
915 2568 1030 2633 Favini
1063 2589 1181 2656 poema
1214 2568 1357 2634 medium
1389 2569 1595 2656 interrumpit
1626 2571 1796 2656 quaternio
1824 2571 1879 2635 ilic
1909 2572 2098 2639 interiectus

445 2674 530 2738 inter
551 2674 632 2739 haee
654 2673 747 2754 folia,
776 2674 830 2760 qui
858 2673 1004 2738 continet
1031 2678 1206 2738 tractatum
1229 2673 1483 2738 astronomicum
1512 2673 1553 2738 ab
1582 2675 1646 2738 alia
1670 2696 1766 2740 manu
1790 2697 1893 2761 eaque
1916 2677 2099 2744 recentiore

446 2783 618 2842 exaratum
642 2782 740 2863 atque
763 2777 809 2841 ita
829 2777 1037 2864 inscriptum:
1060 2777 1181 2857 10001οἰ0
1203 2775 1280 2841 liber
1301 2777 1339 2842 de
1360 2777 1494 2842 scientia
1513 2777 1560 2842 uel
1580 2777 1684 2844 labore
1704 2779 1902 2860 astrolapsus
1917 2781 1955 2846 de
1971 2783 2099 2847 arabico

447 2885 483 2947 in
504 2883 642 2948 latinum
664 2883 849 2947 translatus.
896 2882 1040 2958 Quodsi
1063 2905 1147 2969 quae
1171 2883 1308 2969 exposui
1333 2883 1441 2948 omnia
1456 2883 1726 2963 consideraveris,
1749 2884 1805 2948 vix
1821 2885 1995 2968 dubitabis,
2020 2890 2097 2973 quin

447 2985 517 3051 cod.
541 2986 728 3052 Marcianus
753 2991 815 3051 554
839 2987 915 3051 olim
940 3008 982 3052 ex
1004 2987 1184 3072 exemplari
1207 2988 1317 3072 aliquo
1341 2993 1476 3073 quartae
1500 2988 1644 3054 familiae
1669 2989 1901 3075 transscriptus
1922 2997 2037 3076 postea
2056 2994 2097 3058 ab

446 3092 517 3177 ipso
541 3091 674 3158 librario
698 3099 755 3156 aut
778 3097 865 3157 certe
890 3092 1038 3157 eiusdem
1062 3091 1219 3178 temporis
1242 3111 1341 3155 manu
1364 3092 1534 3177 suppletus
1558 3101 1655 3176 atque
1679 3092 1778 3156 etiam
1802 3115 1853 3180 ep.
1877 3095 1895 3158 l.
1914 3095 1974 3174 IX,
1992 3099 2097 3160 7-16

447 3203 481 3262 00
504 3219 601 3262 carm.
625 3195 770 3260 I—VIII
800 3202 914 3262 anctus
943 3197 986 3261 sit
1016 3218 1034 3261 0
1062 3195 1176 3260 000100
1207 3194 1347 3281 quodam
1377 3196 1511 3260 alterius
1540 3196 1694 3262 familiae.
1740 3195 1849 3283 Atque
1878 3221 1919 3264 ne
1948 3221 2099 3285 quaeres,

446 3321 508 3386 qno
531 3299 625 3364 modo
647 3300 768 3364 factum
793 3300 845 3380 sit,
868 3306 905 3363 ut
927 3301 954 3365 is
979 3299 1192 3386 epistularum
1213 3297 1302 3379 ordo,
1326 3319 1422 3383 quem
1446 3299 1479 3362 iu
1495 3298 1596 3363 LVII
1619 3300 1736 3365 litteris
1752 3301 1893 3387 adpictis
1909 3306 2097 3369 restitutum

446 3403 604 3483 videmus,
628 3403 744 3468 similis
767 3403 809 3467 sit
831 3402 902 3469 cod.
926 3403 1137 3469 Bruxellensi
1164 3405 1415 3467 10020-10021
1448 3403 1585 3488 eiusque
1618 3410 1744 3469 sectae:
1773 3412 1901 3490 poterat
1930 3414 2019 3473 certe
2043 3409 2100 3472 ille

446 3530 488 3572 ex
517 3508 623 3572 altera
651 3507 773 3572 familia
803 3506 923 3588 codex,
960 3513 996 3570 ut
1025 3528 1124 3593 supra
1151 3506 1389 3585 demonstravi,
1419 3528 1492 3570 cum
1524 3509 1622 3571 tertie
1650 3508 1773 3572 familia
1808 3510 1928 3575 artiore
1959 3513 2101 3596 quadam

446 3611 687 3677 necessitudine
713 3611 903 3676 coniunctus
927 3634 1010 3676 esse.
1057 3609 1144 3684 Quid
1172 3609 1258 3695 quod
1286 3608 1653 3676 0000100010000554
1682 3634 1757 3677 eum
1784 3613 1854 3679 cod.
1878 3613 2101 3681 Laurentiano

446 3715 526 3800 plut.
548 3715 653 3797 LXV,
677 3718 775 3780 2000
799 3715 870 3780 cod.
893 3715 1042 3780 Parisino
1066 3718 1167 3794 2782,
1198 3736 1279 3800 quos
1309 3714 1443 3780 alterius
1473 3715 1617 3781 familiae
1646 3738 1720 3781 esse
1743 3739 1845 3803 supra
1867 3718 2101 3798 demonstravi,

446 3819 550 3884 ineis
574 3819 722 3906 partibus
747 3840 830 3903 quae
855 3820 1027 3905 suppletae
1052 3824 1129 3883 sunt
1150 3819 1269 3882 multas
1288 3825 1331 3883 ,00
1361 3819 1519 3894 lectiones
1550 3826 1583 3884 00
1612 3821 1746 3886 lacunas
1776 3843 1964 3888 communes
1992 3823 2102 3889 habet.

446 3923 565 3987 Totum
588 3923 712 3987 contuli
734 3921 936 3989 Florentiae.
1245 3933 1247 3938 ’
1351 4003 1355 4014 μ

556 4024 635 4093 Ood.
659 4024 826 4089 Marciano
855 4028 934 4105 554,
970 4025 999 4088 ei
1028 4025 1083 4109 qui
1110 4024 1254 4088 nondum
1285 4025 1327 4089 ab
1356 4026 1460 4090 altera
1492 4047 1589 4090 manu
1618 4032 1776 4092 tractatus
1805 4035 1894 4106 erat,
1929 4029 2102 4094 admodum
2154 4101 2158 4108 ,

395 4132 429 4202 L
449 4131 560 4194 similis
576 4137 646 4193 erat
669 4128 748 4194 cod.
765 4128 992 4193 Laudianus
1015 4129 1082 4192 lat.
1106 4131 1189 4209 104,
1213 4129 1268 4214 qui
1285 4129 1381 4193 estin
1400 4129 1809 4208 bibliothecaBodleiana,
1833 4134 2102 4198 membranaceus

445 4234 571 4298 formae
595 4232 774 4317 quadratae
798 4231 930 4296 saeculo
955 4231 987 4294 X
1011 4232 1205 4296 nitidissime
1230 4233 1382 4319 scriptus.
1427 4233 1467 4296 In
1487 4255 1551 4319 quo
1574 4232 1654 4298 duas
1678 4255 1795 4299 manus
1814 4235 2001 4302 discernere
2025 4237 2104 4301 mihi

447 4337 573 4402 videor:
598 4338 702 4402 altera
723 4359 775 4424 ep.
792 4337 811 4400 l.
828 4336 971 4400 I-VIII
995 4337 1135 4423 scripsit,
1158 4337 1264 4401 altera
1286 4338 1344 4402 000
1367 4337 1516 4403 eiusdem
1542 4340 1665 4404 saeculi
1688 4361 1739 4425 ep.
1758 4341 1778 4404 l.
1796 4339 1856 4420 IX,
1872 4342 1956 4402 2-7
1980 4340 2104 4405 addidit

447 4462 551 4526 usque
574 4440 616 4504 ad
639 4441 720 4505 illud
736 4440 782 4527 (p.
803 4444 873 4521 155,
888 4443 920 4523 7)
934 4462 990 4504 nec
1003 4439 1085 4504 binc
1101 4441 1207 4504 noirrus
1222 4439 1346 4505 lubrica
1361 4447 1391 4506 et
1406 4441 1489 4507 leois.
1534 4442 1573 4507 In
1591 4444 1653 4507 hoc
1671 4444 1758 4507 enim
1775 4443 1968 4508 vocabulum
1983 4443 2105 4508 desinit

447 4545 553 4610 codex
577 4545 698 4609 inimo
721 4544 936 4630 paginasine
959 4543 1027 4607 ulla
1050 4544 1299 4630 subscriptione.
1345 4545 1483 4610 Constat
1509 4547 1665 4618 101.103;
1698 4547 1985 4627 001010100103,
2017 4547 2104 4632 quod

448 4650 653 4714 0000100000
677 4671 760 4734 quae
776 4651 930 4734 leguntur
953 4648 986 4711 in
1010 4669 1060 4734 ep.
1084 4647 1215 4727 LVIII,
1232 4652 1269 4711 12
1292 4647 1367 4713 inde
1392 4649 1433 4714 ab
1457 4650 1512 4713 illo
1529 4655 1574 4736 (p.
1598 4653 1667 4731 144,
1682 4649 1717 4734 0)
1734 4650 1920 4715 bicoloribus
1935 4672 2038 4736 usque
2063 4649 2103 4714 ad
2144 4644 2146 4648 ’

448 4775 499 4839 ep.
517 4749 537 4816 Ι.
549 4753 644 4835 VIII,
661 4757 699 4817 13
723 4776 753 4839 p.
772 4756 841 4833 145,
858 4755 894 4815 21
921 4751 1090 4832 operuerit,
1113 4772 1287 4837 perperam
1311 4759 1494 4816 extremum
1519 4754 1625 4817 locum
1648 4755 1833 4839 occupavit;
1857 4754 1999 4818 debebat
2017 4754 2104 4819 enim

448 4859 602 4942 excipere
615 4857 670 4921 fol.
684 4861 734 4944 96.
769 4856 943 4920 Nonnullis
959 4855 1043 4918 loliis
1066 4855 1098 4918 in
1116 4841 1363 4940 inexemplum,
1383 4855 1469 4921 unde
1490 4857 1666 4921 translatus
1683 4863 1745 4936 000,
1761 4859 1847 4921 inter
1863 4881 1899 4922 se
1917 4857 2103 4922 transiectis

449 4959 581 5036 accidit,
611 4967 646 5023 ut
667 4960 700 5023 in
725 4981 777 5045 00.
801 4958 869 5023 1.ΙΙ
891 4964 965 5044 0000
988 4981 1038 5044 00.
1063 4963 1082 5022 4
1105 4980 1136 5044 0.
1154 4961 1204 5038 27,
1225 4961 1262 5022 18
1287 4963 1315 5022 00
1332 4963 1428 5038 patre
1448 4965 1630 5040 patruoque
1659 4959 1880 5040 spectabilibus
1906 4982 1964 5025 ooo
1995 4969 2106 5026 cetera

448 5065 495 5128 ita
517 5063 706 5127 decurrent:
740 5062 771 5149 1)
795 5066 884 5149 000
908 5084 937 5148 p.
953 5065 1003 5143 30,
1025 5065 1062 5126 13
1086 5067 1208 5143 tenuras
1228 5059 1538 5141 voluptuosissimum
1560 5085 1664 5149 usque
1688 5063 1729 5127 ad
1753 5087 1784 5149 p.
1802 5068 1854 5144 31,
1878 5067 1915 5128 18
1935 5066 2105 5147 quempiam

448 5166 627 5244 colurnina;
661 5164 695 5252 2)
720 5189 772 5253 ep.
792 5171 810 5230 4
839 5169 999 5252 027,Ῑο
1027 5166 1123 5229 etiam
1145 5167 1423 5248 praestantissimo
1451 5167 1609 5231 sacerdote
1639 5189 1742 5253 usque
1771 5168 1813 5233 ad
1842 5173 1928 5255 000
1952 5192 1982 5255 0.
1998 5171 2049 5249 30,
2068 5169 2122 5232 13

447 5270 632 5337 Ferreolum
648 5277 678 5336 et
690 5271 927 5354 Apollinarem
950 5271 983 5354 3)
1007 5274 1088 5357 000
1112 5293 1143 5356 p.
1163 5273 1267 5344 32,14
1292 5271 1328 5334 in
1348 5293 1446 5353 quam
1467 5273 1548 5353 forte
1570 5295 1642 5337 curn
1664 5273 1808 5354 lapidum
1830 5271 1977 5336 cuniculus
2000 5293 2104 5357 usque

449 5376 489 5441 ad
514 5399 564 5462 ep.
584 5381 618 5440 11
647 5399 675 5463 0.
695 5379 800 5458 35,18
824 5376 1037 5440 cenomaniam
1059 5375 1325 5455 alamannorum,
1348 5376 1380 5458 4)
1405 5397 1456 5462 ep.
1474 5380 1493 5440 0
1517 5399 1548 5463 0.
1564 5381 1615 5458 31,
1632 5381 1669 5442 18
1684 5378 1908 5457 quorunqriam
1923 5381 2113 5453 auctorum;

448 5503 551 5568 usque
579 5481 620 5545 ed
652 5504 683 5567 p.
701 5485 752 5561 32,
776 5485 813 5545 14
839 5481 959 5563 raptim
985 5479 1103 5543 scrobis
1131 5477 1328 5558 tbdiebatum
1362 5481 1396 5565 5)
1420 5502 1471 5567 00.
1496 5486 1530 5544 11
1564 5503 1594 5566 p.
1616 5484 1726 5560 35,18
1757 5481 1944 5544 discretione
1960 5479 2106 5559 procedit

450 5590 483 5649 et
499 5591 620 5649 cetera.
646 5582 709 5670 [Of.
725 5584 809 5649 inira
825 5607 855 5670 p.
869 5584 990 5667 XXV]
1022 5583 1209 5663 Praeterea,
1232 5589 1267 5645 ut
1285 5605 1397 5648 omnes
1413 5585 1508 5650 huius
1525 5585 1668 5650 familiae
1685 5583 1829 5662 codices,
1854 5605 1896 5648 ex
1912 5604 1961 5669 ep.
1979 5583 2000 5646 l.
2018 5581 2110 5659 ΙΙΙ,3

450 5689 491 5774 ἐξ
502 5687 526 5752 7
550 5693 583 5754 00
600 5689 630 5770 8,
655 5709 698 5752 ex
721 5688 936 5775 ep.l.V1,12
960 5689 1085 5754 exitum
1109 5693 1144 5753 et
1167 5709 1210 5752 ex
1226 5709 1279 5774 ep.
1295 5688 1396 5753 LVII
1420 5690 1547 5755 initium
1570 5710 1673 5774 usque
1697 5687 1739 5753 ad
1755 5709 1806 5773 ep.
1821 5691 1850 5768 5,
1866 5691 1901 5762 2;
1926 5707 1977 5772 00.
1996 5686 2016 5751 l.
2029 5684 2106 5764 VII,
