4732 6436
494 420 580 469 LVIII
1094 418 1303 474 PRAEFATIO
1322 419 1362 474 IN
1381 417 1554 474 Favsrvu

494 591 598 655 ridere
620 590 786 656 liberatum
810 590 856 676 (p.
876 592 948 670 301,
966 589 1029 672 13).
1075 590 1114 654 In
1142 592 1282 676 patriam
1310 613 1462 657 reversus
1486 591 1627 655 Faustus
1649 588 1816 654 Ruricium
1841 609 1935 651 suum
1959 608 2023 650 non
2048 586 2154 651 solum

495 692 668 758 liberatum
696 695 754 760 scd
783 695 883 759 etiam
912 715 1074 759 summum
1105 694 1308 760 sacerdotem
1332 702 1480 762 creatum
1504 694 1660 780 repperit.
1705 692 1743 757 ld
1768 698 1842 778 post
1865 690 2020 756 Euricum
2044 715 2073 756 a.
2090 695 2152 756 485

495 805 658 862 mortuum
674 798 796 864 lactum
814 820 888 864 esse
906 799 974 862 reri
992 799 1097 862 simile
1123 807 1181 863 est.
1229 799 1281 862 Er
1304 800 1411 885 patria
1434 799 1476 863 ad
1492 797 1664 862 Ruricium
1681 797 1856 883 epistulam
1873 796 1941 862 FA.
1959 796 1989 859 V
2007 795 2152 881 scripsit:

498 901 642 980 Gratias,
665 903 778 988 inquit,
801 902 846 966 ad
861 923 921 979 uos,
944 902 1020 966 dum
1035 901 1120 965 rolris
1135 902 1172 965 dc
1181 903 1296 982 patria
1317 902 1494 980 scribimus,
1517 903 1573 982 qui
1593 901 1682 966 nobis
1691 902 1837 981 patriam
1852 901 1888 964 in
1896 899 2154 982 pereprinatiouc

493 1005 627 1086 fecistis
655 1007 712 1087 qui
740 1005 900 1086 indefessa
929 1005 1116 1069 liberalitate
1140 1006 1273 1086 patriae
1308 1007 1465 1071 desideria
1495 1006 1705 1086 temperastis,
1739 1006 1802 1068 rim
1835 1003 1997 1085 quandum
2026 1002 2154 1066 diuinae

494 1110 638 1174 iustitiae
660 1110 895 1174 mercantibus
916 1110 978 1174 sibi
1000 1110 1158 1190 bneficiis
1179 1110 1362 1190 inserentes,
1394 1117 1431 1175 nt
1457 1111 1541 1191 quaet
1567 1108 1720 1173 intulerat
1747 1109 1791 1172 aet
1819 1107 2055 1190 eastipationem
2080 1127 2152 1170 corr-

495 1217 625 1278 uerteret
647 1213 691 1277 ad
711 1213 866 1278 tenerem.

607 1333 679 1407 Quo
703 1355 788 1399 anuo
812 1334 971 1415 Faustus,
1001 1335 1092 1399 cuius
1121 1336 1277 1400 memoria
1305 1335 1358 1400 dic
1383 1338 1423 1401 28
1448 1334 1651 1420 Septembris
1675 1333 1902 1419 celebratum),
1931 1337 2079 1396 mortuus
2102 1333 2153 1412 sit,

494 1439 692 1523 ignoramus.
739 1437 821 1501 Cum
846 1437 1036 1502 Gennadius
1065 1439 1183 1503 librum
1212 1439 1253 1504 de
1282 1439 1358 1504 viris
1382 1439 1565 1503 illustribus
1596 1437 1728 1523 scripsit
1756 1437 1842 1502 circa
1872 1459 1901 1506 a.
1922 1437 2030 1520 480²),
2055 1435 2153 1500 etiam

495 1549 563 1605 tum
588 1541 619 1605 in
643 1542 725 1605 viris
749 1548 829 1605 erat.
875 1540 982 1605 Huius
1006 1541 1047 1606 de
1071 1542 1194 1607 Fausto
1219 1545 1439 1608 testimonium
1463 1543 1505 1626 (e.
1522 1543 1577 1626 86)
1601 1543 1666 1605 iam
1689 1542 1902 1627 proferemus.

602 1661 750 1725 Faustus
777 1683 815 1726 en
843 1662 952 1726 abiecte
973 1661 1160 1726 Lerinensis
1189 1663 1374 1726 monasterii
1406 1662 1496 1743 apeed
1521 1662 1656 1744 chium
1682 1661 1809 1726 Galliae
1836 1662 2012 1742 episcopua,
2042 1659 2154 1724 cirin

495 1765 614 1829 (timuis
636 1765 806 1844 seripturis
827 1766 908 1828 satis
930 1766 1079 1842 attentus,
1102 1786 1140 1829 ru
1163 1766 1334 1829 traditione
1355 1764 1486 1847 symbol-i
1508 1766 1668 1830 occasione
1690 1771 1827 1845 accepta,
1851 1766 2023 1846 composuit
2038 1763 2154 1828 libram

496 1869 533 1933 ete
555 1869 675 1950 spiritu
696 1874 814 1946 saneta,
837 1870 874 1932 in
895 1870 1111 1949 praeostendit
1133 1889 1203 1933 eum
1227 1870 1320 1933 tuceta
1342 1870 1437 1949 fidae
1454 1875 1588 1950 pectinem
1611 1875 1640 1933 et
1663 1869 1960 1934 cmmeebstantialem
1974 1873 2004 1932 et
2019 1873 2153 1932 coaeter-

434 1977 436 1983 ’
493 1972 598 2038 nalem
620 1994 684 2036 esse
699 1973 794 2053 patri
820 1977 849 2036 et
870 1972 938 2052 filio
960 1993 999 2035 ae
1015 1972 1247 2053 plenitudinem
1270 1973 1428 2037 trinitatis
1450 1974 1644 2038 obtinentem.
1690 1973 1805 2038 Edidit
1827 1995 1948 2054 quoque
1971 1993 2049 2053 opus
2071 1991 2153 2052 epre-

491 2078 580 2159 pium
603 2077 640 2140 ete
659 2077 768 2159 pratia
790 2077 854 2154 dei,
882 2098 947 2157 qua
968 2075 1149 2154 salvamus
1176 2077 1212 2140 in
1234 2097 1295 2158 quc
1323 2098 1412 2158 opere
1434 2078 1521 2142 docet
1539 2079 1681 2160 qratiam
1702 2079 1754 2142 etei
1774 2099 1894 2158 semper
1916 2083 1945 2142 et
1967 2076 2103 2140 invitare
2124 2077 2154 2137 ct

492 2181 678 2262 praecedere
700 2185 729 2244 et
751 2179 906 2243 ariiucare
927 2179 1117 2243 rolrentatcm
1140 2185 1296 2258 nostram,
1326 2187 1355 2244 ct
1376 2181 1529 2262 quiequid
1557 2181 1629 2262 ipsa
1657 2181 1786 2245 libertas
1812 2180 1941 2245 arbitrii
1963 2200 2024 2260 pro
2051 2179 2154 2243 acore

486 2286 545 2366 pio
567 2285 717 2348 mercedis
738 2283 941 2365 acquisierit,
970 2305 1034 2348 non
1057 2306 1120 2348 esse
1135 2284 1306 2365 propium
1329 2285 1490 2361 meritum,
1522 2285 1577 2347 secl
1601 2285 1727 2366 pratiae
1754 2286 1881 2350 donum.
1926 2284 2003 2366 Lepi
2030 2283 2098 2347 cius
2125 2287 2154 2346 ct

492 2388 646 2452 adoneus
667 2388 810 2452 Arianos
832 2393 861 2451 et
883 2388 1133 2452 Macedonicam
1147 2410 1289 2468 primum
1311 2388 1454 2466 libellum,
1477 2389 1513 2452 in
1534 2409 1595 2469 quo
1618 2389 1848 2455 coessentialem
1865 2388 2036 2470 praedicat
2058 2387 2152 2450 trini-

493 2498 597 2570 tatem,
621 2497 650 2556 ct
672 2492 774 2556 alium
795 2491 948 2556 aduersas
970 2513 1020 2555 eos
1046 2493 1103 2572 qui
1132 2493 1242 2556 dieunt
1264 2513 1328 2556 asse
1350 2494 1385 2556 in
1407 2493 1565 2556 creaturis
1586 2491 1712 2574 aliquid
1733 2494 1960 2573 incorporeum,
1983 2493 2020 2556 in
2040 2513 2102 2572 quo
2124 2496 2154 2554 et

494 2597 613 2660 diuinis
643 2595 830 2660 testimoniis
858 2601 887 2658 et
913 2601 1045 2676 patrum
1074 2597 1240 2676 eonfirnaat
1265 2597 1428 2660 sanatus
1456 2595 1540 2660 nibil
1566 2597 1754 2661 crederulum
1783 2597 2000 2677 inecrporcum
2024 2598 2131 2676 praet-

494 2701 595 2764 deum.
640 2699 703 2763 Est
724 2704 753 2764 et
780 2699 849 2762 eius
876 2698 1013 2779 epristuia
1044 2700 1081 2763 in
1110 2701 1236 2764 nrodrem
1264 2699 1360 2763 libelii
1386 2699 1431 2764 ael
1459 2699 1627 2764 diaconum
1656 2701 1815 2780 quendam
1845 2701 2003 2764 Graecum
2029 2700 2154 2764 nonrinc

493 2805 595 2882 edita,
623 2805 680 2886 qui
706 2824 728 2866 a
757 2804 820 2884 fiete
846 2802 1001 2867 catholica
1024 2803 1186 2868 discentem
1207 2804 1251 2867 uel
1272 2804 1499 2868 Mistorianam
1521 2804 1602 2868 abiit
1623 2805 1822 2886 imputatne.
1868 2806 1910 2869 In
1931 2827 1997 2886 qua
2018 2802 2154 2885 epistula

494 2910 643 2974 admonet
661 2929 732 2973 eum
755 2909 877 2972 credere
898 2914 1041 2972 scrutum
1056 2909 1203 2972 minan
1220 2909 1370 2990 curpinem
1393 2929 1457 2972 nme
1479 2909 1634 2973 homimem
1651 2930 1774 2992 penum
1794 2909 1947 2990 peperisse,
1970 2909 2027 2990 qui
2044 2913 2156 2990 postea

494 3013 667 3092 nauperes
689 3013 902 3089 diuinitatem,
930 3012 985 3075 sect
1012 3012 1104 3075 etcum
1130 3033 1237 3075 rerum
1267 3013 1303 3076 in
1324 3012 1448 3076 boniinc
1469 3033 1548 3076 cerro.
1594 3013 1677 3078 Sunt
1698 3033 1769 3076 cero
1791 3018 1820 3076 et
1842 3013 1910 3076 alia
1933 3014 2002 3076 cius
2023 3014 2153 3094 scripta,

494 3137 584 3198 quae,
607 3116 841 3196 petiunculam
863 3115 936 3198 lapi,
964 3116 1129 3180 nominare
1150 3115 1248 3180 reatui.
1302 3116 1381 3181 Viva
1404 3122 1508 3181 tauma
1531 3139 1600 3182 voce
1622 3119 1762 3200 cprepius
1783 3118 1889 3182 doctor
1910 3123 1940 3181 ct
1962 3118 2103 3181 ereditur
2125 3123 2153 3181 et

490 3220 655 3301 probatur.
701 3219 836 3300 Scripsit
852 3225 964 3300 postea
987 3225 1015 3282 et
1037 3219 1081 3283 ari
1095 3219 1232 3284 Felicem
1249 3220 1446 3301 praefectum
1462 3221 1622 3300 praetorii
1643 3227 1673 3284 et
1681 3222 1843 3302 patriciae
1858 3221 2025 3304 dipriitatis
2039 3222 2153 3298 cirum,

494 3323 600 3405 filium
615 3323 733 3405 Mapni
748 3323 893 3401 consilis,
917 3324 983 3387 iam
1005 3323 1183 3406 relipiosam
1205 3323 1374 3404 epistulam
1395 3325 1440 3388 aei
1462 3325 1603 3388 timorem
1623 3325 1674 3389 etei
1688 3325 1905 3403 hortatoriam,
1929 3325 2157 3388 eorrccnientcm

488 3447 647 3508 personae
661 3427 757 3507 pleno
780 3428 887 3491 animo
903 3428 1136 3508 poeniteutiam
1159 3448 1249 3510 apere
1271 3428 1458 3508 disponenti.

603 3545 807 3634 Quamquam
833 3546 1021 3612 Gelasiusl
1044 3569 1131 3635 papa
1154 3570 1183 3614 a.
1201 3551 1339 3627 ceorlus
1368 3548 1521 3630 opuscula
1542 3548 1662 3613 Fausti
1688 3548 1851 3631 Rapiensis
1874 3548 2059 3614 Galliarum
2080 3570 2156 3630 apo-

495 3652 615 3735 crypha
631 3653 716 3716 inter
736 3652 837 3716 libros
856 3653 910 3737 qui
928 3672 992 3715 non
1008 3653 1210 3739 recipiuntur
1227 3655 1337 3741 posuit
1359 3653 1497 3739 (bligne,
1513 3654 1633 3720 Patrol.
1658 3653 1732 3719 Lat.
1747 3652 1836 3734 LIX,
1860 3675 1889 3739 p.
1910 3654 1995 3737 164),
2019 3660 2155 3718 eventus

497 3756 701 3821 confirmavit
724 3755 990 3819 vaticinationem
1013 3754 1151 3834 Sidonii,
1175 3757 1332 3822 Faustum
1356 3779 1416 3843 per
1444 3778 1481 3821 ea
1506 3779 1589 3844 quae
1614 3758 1745 3844 scripsit
1769 3756 1830 3821 sibi
1854 3757 2061 3843 superstitem
2085 3757 2155 3821 fore

497 3861 542 3944 (p.
562 3863 632 3938 157,
648 3861 691 3941 9).
736 3859 782 3923 Ut
805 3861 951 3924 nonnulli
973 3860 1087 3924 Fausti
1112 3861 1186 3924 libri
1211 3867 1244 3924 et
1267 3862 1300 3924 in
1325 3860 1491 3925 codicibus
1517 3869 1550 3926 et
1573 3861 1655 3926 adeo
1678 3861 1783 3926 adhuc
1808 3861 1839 3924 iu
1865 3860 2061 3926 editionibus
2084 3860 2156 3925 aliis

497 3963 712 4050 scriptoribus
737 3963 964 4045 attribuantur,
988 3964 1164 4029 anathema
1187 3965 1270 4030 forte
1294 3965 1404 4030 effecit
1427 3966 1624 4052 pontificale.
1672 3965 1742 4028 Iam
1766 3964 1806 4030 de
1828 3964 1965 4050 singulis
1987 3964 2153 4050 opusculis

498 4068 612 4154 paucis
636 4065 798 4151 agendum
824 4072 885 4146 est,
908 4066 1007 4152 idque
1032 4089 1071 4133 ec
1095 4069 1295 4155 ordineque
1319 4092 1339 4135 a
1362 4069 1531 4136 Gennadio
1555 4071 1774 4157 proferuntur.

607 4187 722 4252 Fausti
752 4187 793 4252 de
824 4188 939 4274 spiritu
968 4199 1080 4254 sancto
1108 4189 1192 4255 liber
1218 4191 1326 4256 editus
1351 4199 1402 4258 est
1432 4191 1492 4255 sub
1515 4192 1611 4255 titulo
1634 4190 1804 4254 Paschasii
1826 4190 1954 4255 diaconi
1976 4191 2014 4255 etc
2035 4191 2155 4270 spiritu

495 4296 605 4356 sancto
633 4291 706 4356 libri
733 4292 795 4356 duo
824 4292 966 4378 (iligna,
993 4294 1117 4360 Patrol.
1145 4293 1216 4358 Lat.
1240 4293 1354 4376 LXII,
1378 4317 1411 4382 p.
1433 4294 1565 4381 8740).
1621 4293 1693 4359 Hos
1726 4294 1828 4359 libros
1861 4296 1946 4359 male
1977 4294 2155 4358 Paschasic

497 4395 648 4474 attribui,
682 4402 756 4481 post
789 4395 1030 4478 Constantium,
1064 4397 1256 4479 Oudinium,
1291 4397 1551 4478 Tillemontium,
1585 4397 1754 4463 Mauricos
1786 4398 1972 4484 nuperrime
2008 4398 2157 4485 probavit

408 4483 414 4502 ⁶
498 4501 651 4586 Casperi,
686 4499 901 4582 Unpedruclrte
930 4501 1058 4584 (lemtim
1087 4524 1147 4568 eur
1176 4501 1358 4567 Gescliiebte
1389 4502 1443 4566 cies
1474 4500 1695 4585 Faussymlrois
1723 4501 1957 4585 (Christianiae
1984 4503 2080 4580 1869,
2110 4500 2153 4580 II,

497 4627 528 4691 p.
545 4604 742 4690 214-224).
781 4603 982 4690 Opusculum
1006 4608 1039 4671 in
1063 4608 1161 4673 exilio
1186 4607 1402 4693 compositum
1426 4627 1500 4671 esse
1530 4605 1605 4670 inde
1635 4605 1775 4670 fortasse
1800 4607 1901 4670 conici
1925 4609 2045 4691 potest,
2070 4603 2156 4690 quod

496 4709 587 4774 locus
612 4709 740 4794 quidam
766 4730 839 4772 cum
864 4711 1014 4796 epistulis
1040 4712 1108 4776 FA.
1133 4711 1177 4777 II.
1201 4711 1283 4776 XVI
1306 4711 1348 4776 ab
1373 4711 1471 4776 exule
1496 4709 1580 4773 datis
1603 4710 1671 4774 fere
1697 4709 1882 4774 concordat.
1928 4709 2085 4772 (lanieras
2110 4708 2155 4772 sis

496 4812 578 4877 haec
604 4813 716 4877 verba:
745 4811 791 4876 Et
817 4813 886 4877 aaa
914 4835 1003 4879 sacer
1028 4837 1181 4880 erurneras
1208 4816 1362 4892 etiavirans,
1395 4813 1479 4894 quod
1510 4813 1640 4877 trecenti
1666 4834 1753 4876 utera
1779 4812 2005 4893 supputatione
2031 4811 2156 4874 Graeco

496 4917 622 4998 sipnum
644 4917 758 4995 crucis,
782 4917 883 4982 elecem
905 4924 934 4982 ct
956 4926 1021 4984 ceto
1044 4943 1114 4985 cero
1134 4922 1210 4984 Iesu
1232 4919 1434 4983 adorandum
1455 4923 1568 4981 norreeri
1590 4917 1758 4982 ostendunt
1774 4916 1903 5000 (melius
1920 4914 2080 4999 Ducauge
2104 4914 2155 4979 ed.

497 5019 603 5084 Favra
628 5021 654 5100 I,
682 5023 755 5085 117:
782 5020 934 5086 ‘Faustus
958 5022 1112 5089 Reiensis
1136 5025 1194 5090 lib.
1216 5023 1233 5086 I
1257 5023 1297 5087 de
1318 5022 1441 5107 SpirItu
1459 5021 1598 5085 Sancto:
1624 5019 1720 5085 Sacer
1739 5041 1892 5084 neerrrerus
1911 5020 2055 5096 alicianus,
2078 5020 2157 5100 quia

498 5124 626 5187 trecenti
654 5124 690 5188 in
715 5146 792 5188 aera
821 5127 885 5191 sive
906 5130 1130 5208 supputatione
1159 5129 1285 5209 sipnum
1314 5126 1418 5190 erucis
1442 5123 1542 5210 eta’),
1576 5147 1648 5188 cum
1672 5126 1712 5188 iis
1736 5145 1819 5209 quae
1848 5123 1932 5187 intra
1959 5143 1988 5208 p.
2012 5124 2155 5203 26815.

498 5248 529 5311 p.
547 5228 656 5307 284,8
679 5227 839 5313 leguntur.
885 5230 980 5296 Alius
1004 5233 1095 5298 locus
1124 5232 1251 5318 (bligne
1275 5231 1294 5294 l.
1309 5230 1331 5295 l.
1354 5251 1384 5315 p.
1406 5231 1473 5314 14);
1502 5229 1584 5292 Ecce
1614 5227 1778 5292 bracle-ium
1805 5249 1844 5290 ee
1871 5246 1998 5306 corpore
2023 5247 2049 5288 c.
2075 5247 2105 5310 q.
2130 5248 2154 5289 s.

498 5329 613 5394 similis
639 5337 690 5395 cst
713 5333 874 5418 epistulae
898 5334 966 5401 ΡΑ.
990 5336 1054 5401 XX
1079 5337 1177 5422 (iufra
1200 5358 1232 5421 p.
1250 5336 1322 5414 292,
1340 5332 1405 5418 36).

605 5609 625 5672 ¹)
644 5605 683 5659 cf.
704 5607 891 5675 Bollandiuni,
911 5610 980 5662 Acta
998 5609 1044 5662 Sb'.
1063 5609 1138 5678 Sept.
1159 5609 1220 5670 VII,
1239 5626 1265 5677 p.
1279 5609 1338 5661 651.

605 5693 625 5762 ²)
645 5693 684 5747 Cf.
703 5692 800 5760 Eburi,
820 5695 966 5750 Gauium
982 5695 1028 5750 ‹Icr
1046 5695 1357 5750 christiin-lateinisches
1378 5694 1518 5748 Literntur
1536 5694 1556 5758 I,
1576 5712 1602 5763 p.
1616 5693 1674 5747 427.
