4560 6434
788 394 898 450 LIBER
915 395 951 461 11,
974 393 1010 449 LI
1029 395 1045 463 d
1063 397 1080 450 6
1098 425 1131 436 -
1150 395 1213 452 LVI
1230 398 1247 465 d
1265 399 1290 453 3.
1804 404 1866 466 347

211 565 364 652 dependo
388 567 612 653 sospitationis
636 565 778 633 olficium
803 567 965 653 simulque
988 568 1148 657 deposco,
1178 576 1215 635 ut
1245 591 1302 659 pro
1330 570 1423 656 nobis
1453 591 1545 638 orare
1574 570 1755 656 dignemini
1778 579 1811 638 et
1834 574 1867 638 id
1923 572 1957 646 G

211 691 232 734 a
255 672 417 735 communi
440 670 570 736 domino
593 672 791 759 peculiarius
814 673 993 759 postulare,
1015 681 1053 739 ut
1075 675 1140 740 iam
1163 674 1295 740 tandem
1319 675 1495 761 aliquando
1520 675 1554 740 in
1576 694 1676 740 unum
1699 676 1811 743 venire
1835 684 1868 742 et

211 795 270 839 nos
294 775 405 842 videre
428 796 624 856 mereamur,
647 781 683 841 ut
706 776 842 857 caritas,
872 798 956 863 quae
981 778 1161 844 secundum
1185 779 1382 844 sententiam
1404 778 1600 844 dominicam
1624 779 1658 844 in
1681 782 1868 866 pectoribus

211 880 331 944 nostris
361 900 422 967 per
450 880 652 957 absentiam,
686 879 772 966 quod
801 881 897 966 peius
926 887 993 962 est,
1028 882 1173 962 refrixit,
1206 903 1266 969 per
1293 883 1514 970 praesentiam
1541 882 1660 947 iterum
1689 884 1723 948 in
1755 885 1868 970 sopitis

172 997 183 1035 ⁵
212 983 376 1048 cineribus
407 983 584 1049 suscitetur
618 990 652 1049 et
680 985 764 1048 rivis
794 984 929 1051 vocibus
960 986 1054 1073 quasi
1091 986 1182 1052 novis
1218 987 1349 1052 flatibus
1378 986 1500 1051 veteris
1534 986 1653 1050 amoris
1687 986 1869 1052 redivivum

212 1095 384 1174 reparetur
405 1087 610 1152 incendium:
646 1086 732 1174 quod
761 1107 850 1152 more
880 1093 978 1174 atque
1006 1091 1127 1155 virtute
1156 1089 1240 1174 iguis
1270 1089 1373 1170 illius,
1406 1109 1503 1175 quem
1534 1088 1684 1155 dominus
1715 1090 1805 1156 misit
1836 1092 1869 1157 in
1902 1095 1921 1156 3

211 1197 347 1272 terram,
376 1197 410 1256 et
438 1191 548 1278 spinas
579 1191 809 1276 neglegentiae
842 1197 974 1258 nostrae
998 1198 1099 1278 atque
1126 1191 1273 1258 desidiae
1296 1194 1328 1257 vi
1355 1199 1491 1258 naturae
1515 1192 1659 1279 potentis
1689 1200 1806 1258 exurat
1837 1200 1871 1258 ct

213 1294 366 1360 tenebras
389 1293 580 1361 dormientis
604 1294 711 1359 cordis
734 1294 917 1360 inluminet.
1822 1295 1831 1328 ⁸

1005 1569 1076 1635 LV.

160 1737 185 1775 1⁰
542 1719 656 1787 ITEM
678 1721 789 1786 ALIA
811 1721 989 1788 RURIOII
1011 1723 1074 1788 AD
1097 1723 1239 1790 IPSUM
1261 1721 1533 1793 EPISOOPUM.

321 1838 519 1934 Assrnorms
542 1868 781 1956 supplicantum
806 1869 938 1956 supplet
959 1870 994 1934 in
1016 1869 1109 1935 nobis
1132 1872 1259 1956 gratiae
1275 1871 1457 1935 communis
1475 1869 1628 1952 officium,
1651 1876 1689 1935 ut
1703 1870 1765 1935 hoc
1781 1869 1867 1958 quod
1904 1874 1916 1933 l

210 1971 320 2036 iacere
350 1969 530 2037 debeamus
558 1993 619 2058 per
646 1978 780 2038 mutuae
811 1972 998 2038 dilectionis
1028 1973 1183 2038 affectum
1213 1973 1370 2038 iaciamus
1392 1993 1452 2060 per
1475 1979 1634 2040 externae
1657 1975 1868 2041 necessitatis

210 2075 395 2160 imperium,
433 2073 509 2138 dum
536 2076 664 2140 alienae
691 2076 865 2142 tribuimus
892 2076 1058 2163 petitioni,
1092 2075 1178 2164 quod
1211 2077 1363 2164 propriae
1396 2074 1519 2142 debere
1552 2098 1620 2142 nos.
1641 2080 1867 2164 cognoscimus

212 2177 351 2258 caritati,
373 2183 411 2242 ut
434 2177 516 2243 haec
539 2178 723 2244 litterarum
745 2179 957 2246 necessitudo
981 2186 1073 2246 essct
1095 2202 1138 2245 ex
1158 2181 1325 2247 voluntate
1349 2181 1601 2246 necessitudinis
1625 2182 1778 2264 iucunda,
1801 2203 1866 2247 non

158 2297 183 2336 ¹⁵
209 2302 252 2346 ex
288 2283 474 2348 calamitate
513 2281 714 2369 deplorantis
752 2290 892 2350 extorta.
944 2290 1056 2350 tamen
1094 2284 1171 2372 quia
1206 2290 1424 2371 spontaneam
1461 2283 1627 2350 scribendi
1661 2287 1867 2372 neglegimus
1900 2289 1920 2349 2

209 2387 363 2471 gratiam,
394 2387 504 2452 saltim
531 2388 795 2474 praetermittere
825 2408 890 2453 uon
918 2387 1077 2454 debemus
1101 2389 1275 2476 ingestam.
1320 2388 1460 2474 ideoque
1484 2410 1543 2476 per
1565 2389 1700 2455 fratrem
1724 2397 1758 2455 et
1780 2412 1867 2456 com·
1900 2393 1919 2454 3

210 2490 438 2575 presbyterum
468 2497 615 2556 nostrum
643 2491 863 2574 Maxentium,
899 2514 997 2580 quem
1032 2495 1124 2559 nobis
1160 2495 1260 2559 irater
1292 2500 1404 2559 noster
1438 2492 1613 2579 episcopus
1644 2494 1747 2580 ipsius
1778 2516 1867 2559 com·

99 2623 100 2626 ¹
210 2591 386 2674 mandarit,
410 2593 496 2672 dedi,
521 2595 650 2680 quibus,
675 2597 889 2684 sospitatione
912 2596 1067 2684 depensa,
1095 2599 1202 2683 ipsum
1225 2595 1422 2685 apostolatui
1444 2601 1554 2660 vestro
1578 2595 1756 2662 secundum
1780 2597 1866 2684 quod

210 2697 388 2783 postulavit
417 2698 561 2779 insinuo,
594 2700 670 2784 quia
697 2701 765 2764 illic
792 2707 885 2766 notos
917 2708 950 2766 et
979 2702 1102 2766 amicos
1132 2701 1257 2766 habere
1288 2722 1324 2765 sc
1355 2699 1449 2779 dicit,
1480 2695 1536 2788 qui
1569 2720 1644 2764 eum
1673 2699 1868 2765 beatitudini

157 2812 184 2852 2⁰
209 2807 341 2866 vestrae
364 2801 491 2887 possint
518 2801 551 2866 in
579 2804 747 2888 praesenti
776 2805 906 2890 plenius
935 2805 1099 2887 intimare,
1131 2825 1267 2890 quorum
1296 2805 1484 2870 testimonio
1513 2803 1618 2889 possit
1646 2803 1749 2884 credi,
1779 2803 1866 2889 quod

210 2905 383 2970 assertioni
405 2907 508 2992 ipsius
532 2906 673 2972 fortasse
696 2929 760 2973 non
785 2908 939 2975 creditur.

993 3181 1084 3248 LVI.

853 3334 966 3400 ITEM
988 3334 1052 3399 AD
1074 3333 1224 3400 IPSUM.

316 3451 407 3547 Fun
427 3482 529 3547 nostri
543 3479 727 3548 Ommatius
745 3488 778 3547 et
792 3480 978 3568 Eparchius
994 3481 1036 3547 ad
1053 3503 1105 3548 me
1127 3482 1254 3548 litteras
1278 3482 1394 3568 plenas
1416 3482 1561 3548 lacrimis
1585 3490 1618 3547 et
1640 3482 1865 3569 deploratione
1899 3488 1914 3548 1

157 3595 182 3637 ²⁵
208 3583 384 3666 miseruut,
417 3585 605 3671 specialiter
631 3585 866 3671 deprecantes,
895 3594 933 3652 ut
963 3586 1050 3673 apud
1075 3587 1285 3652 sanctitatem
1309 3593 1452 3652 vestram
1475 3609 1533 3674 pro
1555 3589 1742 3672 ignorantia
1765 3587 1867 3674 ipsius

209 3688 268 3752 filii
297 3690 400 3754 nostri
422 3688 578 3775 Eparchii
607 3689 806 3756 intercessor
836 3691 1031 3766 existerem3
1063 3689 1282 3771 confidentes,
1312 3689 1396 3776 quod
1425 3709 1484 3776 pro
1515 3710 1625 3756 amore
1648 3697 1761 3755 mutuo
1785 3690 1867 3754 nihil

208 3791 304 3856 nobis
327 3782 449 3878 negare
473 3792 649 3859 deberetis.
687 3792 828 3879 ideoque
845 3795 1076 3882 presbyterum
1091 3800 1240 3859 nostrum
1256 3794 1473 3860 Eusebiolum
1489 3793 1530 3858 ad
1546 3795 1705 3881 pietatem
1722 3799 1866 3860 rostram
1899 3797 1918 3857 2

209 3894 243 3958 in
265 3894 327 3959 hac
351 3915 450 3960 causa
477 3896 595 3962 direxi.
640 3917 824 3983 perquem
856 3899 964 3963 saluto
992 3897 1167 3983 plurimum
1197 3906 1231 3964 et
1262 3919 1359 3985 rogo,
1388 3904 1425 3962 ut
1453 3897 1617 3984 praelato,
1650 3899 1734 3962 sicut
1760 3896 1866 3976 decet,

210 3997 412 4064 sufficienter
440 3997 621 4076 admonito,
649 3999 885 4086 indulgentiam
916 4002 1018 4067 errori
1040 4002 1129 4066 illius
1153 4001 1231 4066 dare
1254 4023 1313 4087 pro
1337 4007 1450 4066 nostra
1479 4000 1717 4087 supplicatione
1750 3999 1866 4085 digne-

158 4111 183 4152 ³⁰
210 4101 306 4180 mini,
335 4103 411 4187 quia
434 4103 519 4168 sicut
541 4105 574 4169 in
597 4104 789 4170 defensione
813 4106 943 4193 peccati
967 4106 1066 4170 stulte
1090 4111 1189 4190 atque
1212 4103 1391 4170 infideliter
1412 4102 1604 4190 perduranti
1627 4104 1737 4190 culpa,
1761 4102 1866 4169 donec

209 4212 368 4288 agnoscat
394 4213 535 4290 reatum,
564 4229 631 4272 non
654 4208 755 4274 debet
777 4209 936 4291 relaxari,
967 4210 1014 4274 ita
1037 4209 1160 4295 agnitio
1184 4208 1314 4295 peccati
1337 4207 1438 4274 debet
1461 4208 1610 4274 conferre
1633 4208 1764 4272 veniam
1788 4228 1866 4273 con·

208 4305 325 4371 fitenti.
369 4308 551 4375 remedium
580 4318 630 4375 est
659 4312 746 4377 enim
777 4313 855 4377 mali
884 4312 1048 4378 confessio
1076 4333 1141 4377 non
1171 4313 1324 4377 simulata
1352 4312 1465 4377 delicti
1491 4333 1552 4377 nec
1575 4311 1691 4376 ultioni
1714 4312 1866 4396 publicae
1900 4315 1919 4376 3

210 4409 403 4496 relinquitur
424 4413 526 4494 locus,
549 4414 607 4479 ubi
629 4435 718 4496 reue,
741 4417 939 4482 conscientia
962 4421 1148 4502 torquente,
1171 4417 1312 4503 punitur.

311 4685 448 4740 euasti.
467 4686 567 4752 xxiv,
586 4689 628 4742 12.
716 4691 733 4744 6
750 4687 817 4744 buc.
835 4689 897 4752 XII,
914 4690 957 4746 49.

314 4843 473 4914 ldependo]
496 4847 563 4899 coni.
584 4847 711 4912 Oenidae,
732 4844 929 4914 deponendoG
1043 4843 1162 4914 ipsius]
1181 4848 1282 4914 scripsi,
1304 4847 1371 4915 peris
1391 4842 1425 4910 G,
1446 4847 1480 4912 cf.
1498 4846 1574 4912 infra
1591 4845 1633 4908 II,
1650 4850 1683 4896 64
1765 4843 1864 4912 sopitis]

210 4929 370 4998 Ldtjobaram
388 4929 529 5000 sospitisG
614 4931 778 4987 bflatibaG
865 4932 925 4986 'let
941 4931 1072 5001 tenebras]
1085 4932 1245 5001 brbjobann,
1261 4927 1413 4984 tenebrasG
1499 4927 1679 4998 8inluminet]
1693 4932 1751 4982 linit
1763 4932 1824 4983 cdd.
1841 4929 1867 4982 G

209 5015 242 5068 10
259 5019 337 5069 rurici
351 5015 378 5070 G
465 5019 496 5072 11
515 5018 717 5088 supplicantum]
730 5019 890 5087 bajocum,
906 5022 1079 5088 supplicatum
1092 5017 1118 5071 G
1206 5018 1238 5070 12
1256 5020 1395 5072 debeamus
1406 5013 1463 5085 per]
1476 5016 1575 5082 scripsi,
1593 5017 1731 5068 debeamus
1743 5033 1820 5084 super
1831 5013 1866 5080 G,

207 5102 330 5155 debemus
345 5121 424 5172 super
439 5107 503 5158 cossi,
513 5106 656 5158 Monrmscn
716 5103 847 5174 affectum]
860 5103 894 5171 G,
910 5107 1004 5159 affectu
1015 5106 1158 5158 Momasson
1254 5104 1288 5156 14
1304 5104 1474 5168 necessitudo,
1492 5119 1559 5168 quae
1570 5110 1638 5154 esset
1649 5103 1714 5154 coci.
1723 5103 1867 5155 Mosnmscc

208 5203 260 5239 non
278 5187 324 5256 ex]
341 5192 441 5258 acerbat,
459 5210 527 5245 nouo
541 5189 576 5256 G,
593 5210 645 5244 non
663 5193 737 5246 iuuet
754 5194 819 5245 coni.
834 5191 976 5244 Momasson
1077 5188 1111 5242 17
1128 5177 1223 5260 episG
1319 5189 1352 5243 18
1369 5191 1456 5253 dedis,
1473 5203 1527 5239 ras.
1541 5195 1553 5239 t
1566 5183 1609 5239 G:
1627 5188 1675 5240 hae
1693 5188 1865 5255 decideram,

206 5281 235 5323 at
251 5276 419 5342 capsella
512 5277 545 5331 19
562 5275 664 5331 hersG
755 5277 790 5331 24
807 5281 844 5332 fili
858 5275 885 5331 G
941 5276 1087 5346 ommatius]
1101 5279 1201 5344 scripsi,
1218 5274 1369 5330 omaciusG
1459 5272 1495 5326 26
1511 5269 1656 5341 eparchiG
1746 5272 1780 5326 27
1799 5276 1866 5327 ideo·

207 5358 267 5426 qus]
285 5360 445 5428 Ialtjolionc,
466 5365 587 5436 idemque
600 5361 628 5417 G
745 5362 780 5417 28
797 5383 859 5418 cans
879 5363 905 5417 G
986 5360 1093 5417 dicitG
1210 5361 1244 5414 29
1262 5363 1448 5431 supplicatione
1472 5357 1624 5426 dignemini]
1647 5361 1711 5412 corsi.
1724 5359 1867 5414 Mammam

207 5446 280 5511 (qnia
290 5457 414 5514 reputem
424 5452 493 5502 male
501 5449 679 5518 geminatam),
690 5453 902 5519 supplicationem
912 5453 1002 5518 iniqua
1013 5453 1090 5517 (corr.
1103 5451 1202 5517 iniquia
1213 5447 1267 5515 G¹)
1282 5447 1315 5516 G,
1333 5449 1519 5519 supplicatione
1528 5449 1632 5501 minime
1645 5450 1734 5517 iniqua
1747 5451 1865 5502 Oanisim

207 5529 243 5583 30
260 5532 443 5587 defessioneG
506 5535 640 5591 stultacG
744 5538 778 5590 31
796 5536 861 5605 non}
877 5557 925 5590 om.
940 5535 974 5602 G,
991 5538 1076 5604 suppl.
1092 5537 1211 5589 Ouadata
1273 5534 1399 5604 conterre]
1417 5538 1446 5588 ia
1462 5551 1515 5588 raa
1531 5531 1573 5586 G¹
