4732 6436
958 399 1164 456 MOMMSENI.
1820 416 1890 466 XLV

341 579 370 641 3.
395 572 574 659 Gregorius
590 571 791 638 Turonensis
807 563 849 637 'in
871 571 1027 640 historiae
1044 573 1246 641 Francorum
1269 579 1440 647 absolutae
1458 602 1543 648 enno
1559 584 1622 646 594
1645 581 1728 647 libro
1745 585 1889 650 secundo

232 702 260 746 o.
277 682 405 744 21-23
429 679 512 743 hacc
535 680 648 742 narrat
671 675 713 741 dc
737 675 885 741 Sidonio:
1091 741 1098 750 ,

364 784 431 864 Quo
455 781 633 869 (Eparohio
657 781 812 867 episcopo
841 779 930 866 opud
951 780 1132 868 Arvernos)
1159 784 1315 866 miqrame
1342 786 1496 852 Sidonius
1524 807 1562 851 en
1582 788 1744 869 praefecto
1773 789 1888 854 substi-

360 888 474 964 tuitur,
501 886 552 949 vir
578 884 750 948 sumnum
770 881 890 947 saeculi
911 883 1096 965 drqnitatem
1117 885 1332 952 nobilissimam
1354 895 1383 953 et
1403 890 1441 955 de
1456 891 1576 972 primis
1593 891 1776 956 Gallimum
1796 913 1888 957 sena-

360 991 490 1067 toribus,
507 989 555 1052 ita
570 994 607 1052 ut
617 987 719 1069 filiam
734 987 795 1052 sabi
805 986 896 1050 Aviti
908 988 1109 1071 imperatoris
1123 991 1159 1054 in
1173 993 1376 1058 matrimonia
1391 996 1524 1060 sociaret
1540 1046 1547 1059 .
1562 1047 1569 1060 .
1583 1045 1590 1060 .
1615 996 1657 1082 (c.
1672 997 1727 1081 22)
1750 997 1889 1063 Sanctus

252 1185 254 1188 .
356 1114 427 1159 vero
457 1093 608 1160 Sidonius
640 1096 749 1156 tantae
779 1091 953 1172 facundiae
982 1097 1064 1170 erat,
1100 1098 1138 1156 nt
1163 1093 1351 1178 purumque
1379 1119 1418 1161 ev
1444 1099 1612 1178 improviso
1642 1099 1888 1166 lranlrntrssimc

358 1219 441 1279 quoe
466 1197 626 1274 voluisset,
657 1193 748 1259 nulla
781 1195 945 1259 obsistente
971 1215 1074 1273 mora,
1103 1205 1306 1278 componeret.
1361 1199 1499 1283 dont-ipit
1527 1208 1633 1267 autem
1659 1205 1799 1285 quadarn
1828 1207 1887 1284 die,

359 1307 396 1366 nt
418 1303 462 1364 acl
482 1300 684 1381 festivitatem
705 1297 854 1363 basilicae
876 1301 1071 1378 monasteii,
1101 1301 1155 1364 cui
1175 1323 1276 1382 supra
1297 1305 1512 1383 meminimus,
1541 1307 1697 1370 invitatus
1718 1308 1886 1386 accederet,

358 1405 523 1486 ablatoque
544 1403 605 1468 sibi
626 1403 771 1484 nequiter
792 1401 892 1467 libello
907 1423 969 1483 per
990 1424 1081 1484 quem
1103 1412 1308 1471 sacrosancta
1321 1407 1485 1473 sollemnia
1500 1430 1590 1492 apere
1605 1416 1815 1489 emmerami,
1838 1413 1887 1476 ita

351 1513 493 1590 paratas
507 1528 529 1570 a
544 1512 678 1588 ternpore
692 1510 841 1569 cunctum
861 1504 1046 1586 festivitatis
1067 1527 1146 1587 opus
1168 1508 1328 1589 caplicnit,
1351 1517 1389 1574 nt
1410 1513 1450 1576 ab
1465 1514 1609 1578 arundeis
1622 1515 1805 1593 miraretur,
1829 1536 1886 1580 nee

351 1617 527 1694 putaretur
547 1611 587 1674 ab
609 1609 811 1673 adstantibus
839 1609 953 1673 ibidem
978 1609 1133 1674 bominem
1155 1611 1293 1677 martum
1319 1601 1435 1694 fuisse,
1457 1616 1513 1680 sed
1533 1617 1688 1698 anqelurn.
1737 1619 1828 1700 Quod
1848 1621 1885 1683 in

350 1716 555 1798 praefatione
577 1714 663 1792 libri,
685 1734 777 1795 quem
799 1713 836 1777 de
858 1714 964 1778 missis
986 1714 1025 1778 ab
1048 1733 1081 1778 eo
1103 1717 1281 1795 earnposr'tis
1302 1719 1541 1802 coniuravimus,
1558 1720 1690 1801 plenius
1712 1721 1885 1787 declaram-

355 1841 435 1884 mus.
484 1819 564 1886 (lum
586 1824 694 1883 autem
720 1823 799 1882 esset
824 1819 1011 1900 moqnificae
1040 1821 1223 1884 sanctitatis
1249 1827 1357 1904 atque,
1384 1828 1421 1886 ut
1443 1823 1599 1902 dirimas,
1628 1847 1666 1889 en
1686 1809 1886 1891 serrataribui

349 1925 477 2006 primis,
493 1922 682 2004 pleramque
702 1922 858 1985 nesciente
879 1922 1009 2004 caninqe
1029 1942 1108 1986 vasa
1130 1929 1279 2005 arqentea
1300 1923 1464 2005 auferebat
1485 1947 1507 1990 a
1529 1927 1618 1993 demo
1641 1933 1670 1992 et
1684 1929 1886 2011 pauperibus

355 2029 509 2110 eroqabat.
558 2026 649 2108 Quod
670 2025 728 2089 illa
744 2047 815 2090 curn
830 2031 1031 2108 capnosceret,
1054 2027 1336 2094 scandalizabatur
1349 2030 1386 2094 in
1400 2051 1480 2109 eum,
1503 2031 1559 2095 secl
1573 2037 1678 2097 tamur
1692 2033 1766 2097 dato
1782 2035 1885 2117 eqenis

350 2131 457 2211 pretio
471 2130 587 2212 species
600 2130 684 2194 domi
697 2129 889 2194 restituebat.
914 2129 954 2214 (o.
972 2129 1027 2214 23)
1056 2129 1195 2214 Onmque
1211 2132 1256 2195 ad
1270 2132 1413 2214 officiam
1427 2133 1619 2199 dominicum
1636 2135 1751 2216 fuisset
1765 2138 1885 2201 manci·

350 2239 466 2317 patum
481 2238 511 2298 et
524 2239 669 2298 sanctam
683 2237 788 2315 aperet
803 2231 976 2298 insaecula
991 2235 1098 2312 vitam,
1121 2243 1331 2300 surrexerant
1354 2241 1464 2301 ccrrtra
1484 2259 1554 2302 eum
1574 2239 1638 2304 duo
1651 2239 1831 2320 presbiteri,
1854 2245 1884 2304 et

354 2337 494 2402 ablatam
509 2338 538 2401 ei
553 2357 673 2401 annam
684 2341 868 2416 patestatem
880 2357 901 2400 a
914 2337 1007 2401 rebus
1022 2337 1175 2416 eeclesiae,
1194 2345 1302 2404 artum
1313 2341 1343 2404 ei
1354 2342 1470 2404 victum
1482 2346 1512 2404 ct
1523 2346 1648 2406 munem
1663 2342 1882 2425 relinquentes,

353 2442 397 2506 ad
411 2461 567 2506 summam
582 2461 653 2504 eam
670 2439 889 2504 contumeliam
903 2441 1097 2523 redeqerunt.
1127 2443 1190 2509 Sed
1203 2465 1268 2509 nan
1283 2443 1366 2527 lvrrqi
1381 2447 1529 2527 temporis
1543 2447 1646 2527 spatio
1662 2447 1798 2513 inultam
1814 2449 1883 2513 eius

353 2546 512 2610 iniuriam
526 2545 638 2608 divina
652 2542 751 2608 voluit
764 2545 920 2608 sustinere
938 2543 1110 2610 clementia.
1133 2547 1220 2612 Nam
1235 2569 1322 2612 unas
1338 2570 1377 2613 ee
1391 2547 1442 2613 bis
1455 2551 1659 2631 nequissimis
1672 2556 1702 2615 et
1715 2553 1883 2635 indrynam

353 2651 419 2714 dici
434 2649 636 2730 presbiteris,
666 2669 736 2713 enm
765 2653 840 2713 ante
867 2654 987 2714 noctem
1012 2651 1156 2714 minatus
1176 2651 1291 2732 fnisset
1312 2674 1384 2716 cum
1406 2652 1444 2717 de
1466 2653 1594 2718 ecclesii
1614 2653 1687 2718 velle
1708 2655 1881 2734 extrahere,

352 2755 478 2836 siqnum
493 2754 537 2818 ad
551 2753 720 2817 nratntinis
734 2753 870 2817 audiens
884 2752 985 2834 fuisse
1000 2760 1193 2833 ecmnmtam,
1215 2755 1338 2836 favars
1351 2755 1423 2837 felle
1441 2763 1553 2822 contra
1566 2763 1712 2822 sanctum
1727 2759 1786 2837 dei,
1809 2781 1881 2824 sur·

351 2859 443 2936 reait,
467 2858 523 2923 laec
541 2858 652 2938 iniquo
667 2856 757 2920 corde
772 2855 894 2936 capiere
908 2857 1058 2937 mutans,
1081 2857 1166 2938 quod
1179 2858 1231 2921 die
1238 2860 1445 2939 praecedm
1468 2865 1669 2928 tractaverat.
1714 2863 1880 2944 Impressas

353 2968 460 3027 autem
474 2963 510 3025 in
521 2982 673 3025 secessum
689 2981 793 3038 saum,
815 2959 892 3024 dam
906 2965 1042 3023 enarer
1050 2980 1195 3042 purqare
1208 2961 1335 3041 nititur,
1350 2964 1501 3044 mudum
1515 2964 1683 3029 eabalavit.
1707 2965 1880 3046 Easpectat

351 3087 477 3132 mmmm
493 3065 637 3152 (interim
652 3062 735 3148 Leo)
751 3084 837 3145 puer
851 3062 954 3143 aforis
968 3083 1039 3127 eum
1054 3083 1139 3128 cereo
1150 3064 1313 3130 dmrinam
1328 3087 1534 3148 eqressurum.
1563 3067 1696 3148 Iamque
1710 3068 1881 3132 advenemt

352 3169 417 3248 lna,
436 3175 465 3233 et
480 3167 603 3233 satelles
617 3168 694 3245 uns,
717 3167 754 3230 id
768 3165 913 3230 astallus
922 3166 1087 3249 presbiter,
1110 3167 1208 3231 mittit
1222 3169 1384 3248 nantium,
1407 3170 1530 3235 dicam:
1553 3169 1657 3248 ‘Veni
1679 3191 1719 3234 ne
1734 3172 1879 3250 tarderis,

351 3280 387 3340 ut
399 3294 480 3356 quae
491 3273 581 3338 nobis
593 3272 644 3336 die
654 3271 800 3335 besterna
811 3270 962 3347 convenit,
968 3271 1096 3351 pariter
1106 3269 1306 3352 repleamrn'.
1332 3273 1396 3339 Sed
1406 3294 1478 3338 eum
1489 3293 1638 3355 resparsa
1650 3274 1727 3338 dare
1737 3274 1879 3354 differret

352 3378 519 3455 exanimis,
542 3375 657 3440 elevato
674 3395 759 3455 puer
779 3372 843 3437 vela
865 3373 939 3436 ostii
960 3373 1098 3453 repperit
1119 3373 1281 3438 Marinum
1302 3396 1398 3456 saper
1418 3376 1531 3440 sellula
1551 3379 1662 3441 secessi
1685 3377 1878 3460 defunctam.

354 3482 442 3548 Unde
464 3480 682 3546 indubitatum
704 3483 835 3542 estnon
857 3477 991 3540 minans
1012 3477 1157 3542 criminis
1178 3478 1263 3543 bunc
1284 3501 1373 3544 ream
1396 3501 1474 3559 esse,
1501 3503 1597 3564 qvam
1618 3482 1757 3548 Arrium
1777 3483 1877 3560 illurn,

347 3587 401 3650 cui
414 3583 562 3650 similiter
576 3585 613 3648 in
626 3603 778 3647 secessum
792 3581 926 3662 fuerunt
940 3581 1069 3644 interna
1084 3581 1225 3662 deposita
1240 3603 1303 3663 per
1318 3585 1428 3664 partis
1448 3584 1614 3665 inferiorr's
1632 3592 1776 3669 eqestum,
1799 3587 1878 3668 quia

346 3712 402 3755 nec
429 3690 519 3754 istud
544 3689 613 3753 sine
639 3686 762 3750 lramesi
780 3689 886 3766 potest
907 3685 1024 3764 accipn,
1051 3690 1088 3748 ut
1109 3686 1146 3750 in
1167 3685 1327 3751 eaelmiam
1348 3708 1413 3768 non
1435 3688 1628 3753 obaudiatur
1649 3691 1794 3756 sacerdos
1817 3691 1877 3768 dei,

346 3795 400 3858 cni
421 3794 466 3857 ad
480 3791 677 3874 pascendum
699 3811 768 3854 oves
789 3789 970 3853 commissae
990 3793 1076 3866 sunt,
1099 3794 1128 3852 et
1146 3788 1200 3853 ille
1213 3811 1246 3854 se
1263 3790 1388 3872 inperat
1397 3791 1560 3872 potestati,
1583 3794 1637 3855 cni
1657 3814 1757 3875 neqrre
1778 3815 1800 3857 a
1821 3794 1877 3857 dea

344 3919 444 3980 neque
465 3896 506 3960 ab
527 3895 706 3960 bancinibus
732 3892 859 3974 alr'quid
884 3898 930 3957 est
959 3893 1166 3958 commissum.
1212 3892 1338 3958 Debinc
1364 3895 1473 3958 beatus
1494 3896 1656 3974 sacerdos,
1686 3917 1751 3961 ano
1772 3896 1878 3962 adbuc

346 4005 491 4067 manente
512 3998 720 4064 nibilominus
745 3997 891 4075 inimico,
919 4017 997 4061 suae
1024 3998 1207 4062 restituitur
1225 3999 1386 4078 potestati.
1436 3998 1575 4064 Factum
1601 4005 1647 4064 est
1674 4007 1782 4066 antem
1802 4007 1879 4083 post

344 4106 434 4184 baec,
457 4110 495 4170 ut
516 4104 678 4169 mordente
695 4099 786 4186 febre
808 4105 970 4183 aeqrotare
992 4102 1151 4184 coepisset.
1200 4103 1263 4184 Qui
1284 4101 1374 4185 rapat
1395 4123 1483 4181 suos,
1506 4109 1543 4167 ut
1565 4124 1636 4168 eum
1658 4104 1695 4168 in
1716 4103 1878 4169 ecclesiam

342 4209 472 4290 ferrent.
521 4206 661 4289 Ournque
684 4204 761 4270 illue
781 4203 905 4270 inlatus
925 4197 1053 4285 fuisset,
1082 4206 1305 4271 conveniebant
1326 4207 1371 4270 ad
1391 4227 1462 4272 eum
1484 4205 1654 4272 multitudo
1674 4209 1817 4274 virorum
1838 4230 1877 4272 ac

343 4313 526 4389 mulierum,
554 4309 711 4392 simulque
737 4309 833 4373 ctiam
860 4314 890 4371 et
914 4307 1092 4388 infantium
1115 4308 1340 4392 planqcntinm
1368 4315 1464 4391 atque
1491 4310 1682 4375 rinadium:
1712 4309 1792 4376 ‘Our
1818 4331 1876 4374 nas

343 4417 474 4493 rimeris,
492 4420 606 4496 pastor
627 4414 717 4490 bare,
740 4411 788 4476 vel
809 4412 864 4475 cui
884 4432 942 4475 nas
963 4414 1058 4492 quasi
1080 4413 1239 4494 orphanos
1260 4412 1479 4494 derelinquis?
1514 4414 1684 4495 Numquid
1705 4415 1765 4478 erit
1786 4414 1876 4479 nobis

339 4526 412 4604 post
427 4521 601 4583 transitum
617 4524 709 4582 tuam
723 4515 816 4580 vita?
849 4516 1017 4597 Numquid
1030 4517 1092 4580 erit
1100 4517 1303 4608 postmodum
1318 4518 1375 4598 qui
1389 4537 1447 4581 nos
1461 4517 1638 4598 sapientiae
1658 4516 1724 4582 sale
1747 4517 1876 4581 cmrdiat

342 4623 467 4687 autad
486 4623 637 4687 dominici
657 4620 796 4685 nominis
818 4620 960 4683 timorem
986 4620 1080 4684 talem
1102 4622 1297 4702 mucleniae
1323 4621 1448 4685 ratione
1473 4620 1685 4702 redarquat?'
1731 4621 1821 4684 Haec
1843 4627 1872 4685 et

341 4727 392 4791 bis
412 4725 533 4790 similia
551 4723 682 4806 poqmlis
703 4745 775 4788 cum
796 4743 909 4804 maqna
930 4721 1007 4801 fleta
1032 4724 1209 4788 dicentibus
1230 4723 1357 4788 tandm
1376 4724 1523 4788 sacndm
1535 4725 1654 4809 spiritu
1668 4725 1704 4787 in
1718 4745 1751 4787 se
1765 4729 1874 4788 sancta

343 4830 494 4910 influente
519 4829 696 4909 respondit:
724 4825 840 4891 ‘Nolite
867 4826 988 4905 timere,
1018 4847 1035 4892 o
1058 4827 1187 4909 populi,
1214 4849 1281 4894 ecce
1305 4828 1409 4909 frater
1434 4850 1523 4894 meus
1551 4827 1763 4910 Aprunculus
1788 4831 1873 4908 vivit,

341 4940 370 4998 ct
392 4935 459 5015 ipse
481 4933 541 4998 crit
562 4932 708 4996 sacudm
728 4932 845 4995 vester'.
894 4931 958 5012 Qui
982 4951 1048 4996 nan
1068 4931 1290 5014 intelliqentes,
1307 4933 1469 5014 putabant
1490 4953 1561 4998 eum
1583 4931 1669 5012 loqui
1690 4931 1817 5012 aliquid
1838 4934 1874 5016 in

339 5040 450 5103 cntasi.
488 5037 555 5118 Quo
572 5037 727 5118 miqrante
737 5034 895 5116 presbiter
909 5034 962 5099 ille
976 5057 1121 5117 nequam,
1144 5035 1225 5100 alter
1239 5059 1277 5100 er
1292 5036 1414 5102 duobrrs
1428 5035 1485 5118 qui
1498 5041 1704 5113 remanserat,
1720 5037 1874 5116 protinas

340 5162 459 5207 omnem
480 5140 667 5223 facultatem
695 5138 854 5214 corbana,
884 5142 1047 5220 tamqnam
1073 5141 1104 5204 si
1131 5141 1198 5205 iam
1228 5143 1390 5223 qaiscoprns
1417 5146 1508 5218 esset,
1537 5139 1670 5204 aarum
1699 5141 1873 5221 eupiditate

333 5251 550 5328 praeoccupat
577 5245 702 5309 dionis:
732 5242 886 5307 ‘Tandem
911 5245 1048 5324 respexit
1076 5244 1113 5308 in
1139 5265 1187 5308 me
1212 5245 1302 5322 deus,
1334 5265 1517 5326 eoqrrascens
1543 5263 1591 5307 me
1617 5244 1781 5307 iustiorem
1808 5265 1873 5308 esse

339 5350 478 5428 Sidonio,
501 5349 697 5432 larqitasqae
719 5352 764 5410 est
787 5347 867 5411 mibi
889 5345 972 5410 banc
987 5350 1193 5428 potestaten’.
1243 5347 1383 5430 (dumque
1396 5370 1457 5430 per
1477 5353 1575 5413 totam
1594 5348 1702 5412 arbem
1715 5347 1871 5428 superbus

337 5453 450 5534 fertur,
479 5453 664 5517 arlvcniente
693 5451 744 5514 dic
767 5450 939 5528 doninica,
970 5453 1027 5532 qni
1047 5453 1231 5517 imminebat
1248 5457 1324 5533 post
1345 5453 1520 5516 transitum
1541 5452 1648 5515 sancti
1669 5451 1745 5529 oiri,
1771 5471 1870 5532 prae-

330 5563 448 5637 parato
472 5557 570 5638 quen
593 5555 691 5620 iussit
713 5558 841 5617 cunctos
863 5554 944 5618 cives
964 5555 1001 5619 in
1022 5556 1112 5621 derue
1133 5555 1279 5620 ecclesiae
1297 5557 1440 5634 invitari,
1463 5555 1674 5638 repertisque
1695 5555 1872 5618 senioribus

330 5661 459 5740 primus
486 5660 639 5726 recumbit
665 5660 702 5723 in
730 5663 806 5723 lara·
855 5655 918 5721 Oui
940 5661 1078 5726 oblatum
1094 5662 1255 5742 pincerna
1272 5659 1425 5740 poculum
1447 5661 1514 5724 ait:
1544 5658 1691 5724 ‘Domine
1718 5660 1775 5735 mi,
1803 5659 1871 5722 virli
