4732 6436
992 407 1172 464 KRUSCHII.
1817 410 1905 462 LXIII

248 598 341 642 suam
376 599 441 641 non
475 578 561 666 apud
595 577 759 645 Arvernos
796 581 1012 645 constituisse.
1077 581 1259 646 Habitabat
1294 582 1420 646 scilicet
1450 580 1616 660 Gurdoue,
1645 581 1701 645 ubi
1734 581 1906 665 quotannis

246 682 448 747 sollemnitas
478 689 662 747 sanctorum
690 684 890 769 quorundam
915 684 1155 752 celebrabatur.
1207 685 1284 750 Huc
1313 686 1435 750 amicos
1461 685 1634 764 invitabat,
1666 691 1702 748 ut
1729 684 1905 748 Bassulum

248 787 440 872 episcopum
469 787 516 874 (p.
546 789 686 866 suniat
716 795 750 853 00
778 787 913 853 Celsum
943 811 1009 853 uua
1039 811 1112 855 oum
1145 811 1257 855 sorore
1290 812 1349 854 sua
1377 790 1412 872 (i.
1436 811 1463 854 0.
1493 809 1597 854 uxore
1621 789 1724 872 cius),
1759 790 1905 854 000000

241 893 406 973 patronis,
437 890 597 971 fratribus
618 892 780 970 affectum,
806 894 945 976 pretium
964 893 1094 975 ,0000000
1118 895 1332 974 praesidum
1355 893 1401 979 (p.
1424 895 1497 972 308,
1510 893 1556 976 6).
1607 891 1738 958 Fratres
1767 892 1905 957 fortasse

248 993 393 1081 appellat
432 996 579 1080 cogitans
624 996 664 1061 de
709 998 899 1062 monasterii
940 999 1176 1062 communione.
1238 997 1290 1060 Ex
1330 997 1480 1083 pluribus
1524 997 1602 1062 locis
1640 997 1818 1062 Galliarum
1859 996 1907 1060 sic
1990 1001 1994 1009 '

252 1098 443 1162 similiterve
477 1100 649 1164 nominatis
680 1100 834 1165 Goarrtma
858 1102 937 1185 (err.
965 1101 1132 1178 Gaurion,
1161 1101 1227 1181 000.
1252 1098 1326 1184 Lot)
1358 1101 1513 1188 oppidum
1537 1122 1639 1187 prope
1664 1099 1907 1165 Cadurcenscm

250 1201 363 1266 urbem
399 1203 651 1288 praeferendum
690 1205 768 1268 mihi
803 1205 932 1270 videtur
968 1227 1060 1286 esse,
1098 1205 1153 1271 ubi
1192 1212 1308 1291 postea
1345 1205 1477 1270 abbatia
1514 1205 1635 1270 ordinis
1676 1204 1906 1270 Cisterciensis

249 1304 385 1372 fundata
420 1314 480 1371 cst.
542 1307 675 1373 Fundos
706 1309 734 1372 si
765 1309 809 1373 ibi
839 1310 1001 1395 possedit,
1037 1310 1199 1396 epistulae
1229 1310 1277 1373 illi
1312 1309 1370 1373 lux
1400 1310 1550 1390 affertur,
1586 1330 1649 1394 qua
1681 1308 1907 1374 Constantium

249 1410 361 1488 filium,
386 1417 422 1474 ut
445 1409 605 1475 ‘crastino'
629 1411 749 1478 Brivas
774 1413 836 1478 sibi
860 1421 1021 1494 occurrat,
1051 1414 1204 1479 admonet
1229 1413 1273 1498 (p.
1298 1415 1370 1494 332,
1391 1412 1454 1498 12).
1500 1412 1654 1478 Gurdone
1679 1413 1766 1478 enim
1788 1413 1906 1478 Lemo-

249 1514 337 1578 vices
360 1515 586 1600 proficiscens,
615 1518 669 1602 qui
691 1518 774 1582 fines
799 1517 1017 1583 Cadureensis
1041 1520 1118 1604 pagi
1142 1518 1296 1596 excessit,
1321 1517 1351 1582 ei
1379 1517 1478 1581 Briva
1500 1518 1638 1603 primum
1668 1516 1906 1582 Lemoviccnsc

250 1616 404 1703 oppidum
428 1621 577 1686 occurrit.
622 1619 846 1708 Hospitiolum
870 1621 1035 1686 desertum
1062 1642 1121 1686 sua
1144 1621 1312 1686 vicinitate
1336 1621 1556 1686 desiderabile
1574 1623 1617 1707 (p.
1636 1624 1708 1700 307,
1723 1623 1755 1703 3)
1778 1621 1807 1684 ei
1830 1621 1909 1685 lecit

251 1721 367 1786 Celsus
391 1724 534 1789 amicitia
557 1731 589 1788 et
612 1726 856 1811 propinquitate
880 1726 910 1790 ei
934 1726 1125 1790 coniunctus
1150 1727 1194 1810 (p.
1217 1727 1289 1806 307,
1303 1728 1357 1806 35)
1375 1731 1408 1788 00
1425 1725 1500 1789 ‘iam
1516 1725 1557 1789 de
1574 1725 1757 1789 sublimiori
1775 1725 1910 1811 specula

253 1824 304 1889 vel
329 1826 534 1891 eminentiori
563 1826 646 1892 loco'
676 1829 845 1892 Ruricium
868 1830 998 1892 intuens
1021 1830 1065 1893 ‘in
1090 1830 1212 1893 saeculi
1240 1829 1422 1893 turbinibus
1445 1827 1666 1893 fluctuantem'
1690 1828 1735 1913 (p.
1753 1831 1825 1906 307,
1841 1830 1907 1909 20).

360 1929 443 1994 Oum
472 1931 594 1996 Fausto
624 1933 780 2020 episcopo
809 1933 946 1998 Reicnsi
974 1933 1189 2019 epistularum
1218 1933 1413 1997 commercio
1444 1933 1651 1997 coniunctum
1678 1931 1780 1996 fuisse
1811 1931 1908 1995 Ruriss

251 2033 336 2096 cium
353 2034 531 2100 ostendunt
548 2037 676 2102 litterae
693 2038 762 2102 eius
778 2037 869 2101 I-V
887 2037 928 2102 00
944 2036 1112 2101 Ruricium
1128 2036 1234 2102 datae.
1270 2035 1350 2102 Eius
1368 2039 1527 2124 opuscula
1546 2037 1685 2122 legendo
1703 2035 1749 2121 (p.
1767 2035 1907 2118 299,12)

255 2157 367 2200 secum
389 2139 600 2204 constituisse
626 2140 761 2220 videtur,
785 2147 830 2220 ut,
854 2142 985 2205 saeculo
1009 2141 1133 2221 relicto,
1158 2139 1199 2204 ad
1223 2162 1340 2205 munus
1365 2141 1626 2206 ecclesiasticum
1654 2161 1688 2204 se
1713 2139 1910 2224 accingeret,

254 2245 287 2302 at
311 2247 387 2305 tunc
410 2242 554 2307 nondum
577 2245 681 2309 valuit
703 2250 826 2308 metum
850 2245 1010 2309 obnoxiae
1028 2244 1230 2309 condicionis
1250 2245 1431 2331 expellere,
1446 2250 1484 2328 ut
1500 2245 1698 2328 relinqueret
1712 2242 1909 2330 praesentia,

253 2350 382 2428 peteret
413 2353 547 2410 aeterna
579 2348 624 2434 (p.
654 2351 726 2430 299,
740 2347 806 2432 23).
862 2347 971 2412 Etiam
1004 2347 1158 2413 Sidonius
1189 2348 1329 2428 amicus,
1364 2349 1459 2412 00000
1493 2347 1582 2412 lectio
1604 2369 1687 2428 prae
1721 2347 1910 2410 obscuritate

251 2447 406 2512 dictorum
435 2470 499 2514 000
533 2451 676 2515 accendit
704 2453 863 2534 inpertiam
892 2451 937 2538 (p.
962 2454 1034 2532 332,
1054 2451 1119 2537 32),
1154 2452 1206 2537 pio
1236 2453 1404 2538 proposito
1432 2452 1523 2516 favit.
1574 2451 1659 2516 Nam
1689 2451 1909 2536 bybliopolam

254 2571 326 2614 cum
351 2551 442 2616 libris
465 2553 678 2640 heptateuchi
701 2562 735 2620 et
757 2556 990 2641 prophetarum
1015 2555 1055 2619 ad
1085 2576 1161 2619 eum
1188 2555 1276 2618 misit
1300 2554 1355 2639 (V,
1375 2555 1442 2640 15),
1474 2555 1637 2640 aliumque
1668 2554 1814 2619 codicem
1837 2575 1911 2618 cum

252 2651 386 2720 Sidonio
415 2658 525 2722 nescio
549 2657 702 2722 Ruricius
726 2659 949 2723 transtulisset
978 2657 1030 2742 (R.
1054 2657 1079 2737 I,
1098 2658 1147 2742 8),
1179 2658 1254 2722 huic
1281 2659 1337 2722 ille
1368 2659 1498 2723 veniam
1528 2658 1640 2723 tribuit
1669 2657 1743 2744 (Ep.
1767 2656 1826 2736 IV,
1847 2657 1910 2740 16).

251 2756 336 2822 Eum
370 2782 443 2824 eum
473 2763 625 2848 episcopo
656 2762 697 2826 ad
721 2762 927 2828 invisendum
951 2784 985 2828 se
1015 2763 1179 2842 invitavit,
1212 2768 1262 2839 ut,
1294 2763 1412 2848 inquit,
1437 2763 1600 2842 possimus
1626 2762 1662 2824 ia
1688 2781 1790 2824 0000
1811 2758 1912 2840 positi

250 2860 393 2941 fraretum
415 2865 452 2928 00
473 2870 583 2930 nostra
606 2867 738 2932 ‘invicem
760 2888 869 2948 cupere
885 2867 1071 2947 praesentia
1095 2865 1138 2951 (p.
1158 2868 1230 2946 309,
1245 2865 1288 2949 2).
1335 2866 1483 2930 Tandem
1499 2871 1575 2946 post
1595 2866 1678 2930 uitae
1696 2865 1795 2929 haias
1811 2865 1910 2928 iactu-

251 2966 350 3030 tioacs
371 2967 416 3032 00
430 2974 562 3050 pertica
583 2958 746 3052 reticio-nis
762 2991 895 3052 proram
917 2969 1032 3034 sciatis
1055 2971 1206 3034 0000000
1228 2975 1272 3048 ct,
1303 2970 1444 3050 0000000
1466 2970 1592 3034 tandem
1615 2969 1751 3046 saccale,
1774 2966 1911 3048 infelici·

252 3074 348 3135 tatem
377 3072 446 3136 eius
475 3095 623 3155 0000000
652 3076 775 3158 respuit
802 3074 846 3161 (p.
873 3078 945 3154 267,
960 3075 1003 3158 9).
1050 3073 1133 3138 Cum
1161 3075 1301 3159 coniuge
1329 3074 1458 3139 ieiuniis
1487 3080 1521 3138 et
1549 3072 1752 3138 orationibus
1775 3071 1912 3136 vacabat

253 3173 298 3260 (p.
323 3177 395 3255 269,
408 3177 479 3260 23),
503 3178 650 3263 captivos
675 3178 857 3243 redimebat
880 3177 924 3263 (p.
951 3178 1108 3262 26917),
1133 3178 1348 3242 laborantium
1372 3177 1671 3244 necessitudinibus
1695 3176 1913 3241 subveniebat

252 3277 298 3362 (p.
322 3279 462 3364 271,9),
498 3282 660 3367 mancipia
687 3303 748 3345 000
782 3282 939 3366 religione
969 3281 1155 3346 Christiana
1183 3281 1351 3346 imbuebat
1379 3282 1459 3363 (οΑ.
1487 3281 1526 3366 Ι).
1579 3281 1674 3346 Unde
1704 3279 1851 3344 Graecus
1880 3278 1911 3343 ei

252 3381 376 3446 000000
409 3382 571 3462 rctipicnis
598 3385 712 3449 honore
741 3385 869 3449 sublimi
902 3407 941 3448 00
975 3386 1051 3466 fidei
1081 3387 1201 3449 aseritis
1228 3386 1462 3468 mapaificcndc
1487 3385 1555 3466 silio
1582 3384 1666 3470 (ΡΑ.
1690 3384 1751 3468 VI)
1788 3383 1911 3469 gratias

253 3485 330 3570 agit,
354 3487 438 3566 qaod
457 3488 534 3566 fide-i
556 3493 677 3553 uestrae
698 3491 844 3553 caeritum
866 3490 950 3553 sicat
959 3490 1090 3570 preficit
1106 3489 1272 3568 00000000,
1297 3490 1344 3553 ita
1367 3490 1477 3553 crescit
1498 3495 1528 3554 et
1550 3509 1647 3572 opere.
1687 3487 1838 3573 Denique
1862 3487 1912 3551 vir

252 3588 419 3673 piissimus
444 3612 605 3656 summurn
630 3593 846 3657 sacerdotium
871 3594 1011 3658 obtinuit
1034 3593 1078 3680 (p.
1104 3596 1177 3672 270,
1193 3593 1258 3678 35).

362 3693 515 3760 Sidonius
550 3698 583 3760 in
612 3698 754 3784 epistula
774 3697 851 3780 VII,
876 3701 913 3778 6,
953 3719 1035 3784 quae
1074 3704 1149 3762 ante
1179 3718 1208 3763 0.
1231 3701 1368 3777 074075
1398 3697 1474 3761 0000
1506 3701 1569 3776 000,
1603 3695 1797 3760 Lemovices
1828 3695 1913 3758 inter

254 3819 311 3862 eas
346 3800 497 3864 civitates
529 3803 709 3881 recensuit,
744 3822 827 3886 quae
862 3803 995 3866 0000000
1021 3801 1235 3866 sacerdotibus
1266 3803 1405 3883 0000000
1431 3805 1528 3865 morte
1560 3804 1727 3864 truncatae
1752 3821 1809 3862 000
1837 3797 1913 3861 cittis

253 3902 397 3984 ricinceps
419 3905 573 3985 episcopis
595 3905 631 3970 in
654 3907 874 3988 defunctorum
902 3906 1012 3988 assicia
1039 3907 1182 3986 suffectis
1206 3957 1213 3970 .
1238 3956 1244 3970 .
1270 3956 1277 3970 .
1302 3956 1308 3970 .
1337 3905 1438 3970 tatum
1466 3903 1625 3988 spiritalis
1646 3903 1761 3966 rainae
1784 3902 1913 3966 limitata

252 4012 421 4072 0000000
451 4009 495 4095 (p.
524 4015 593 4088 109,
607 4013 672 4098 30).
718 4011 815 4076 Anno
847 4015 908 4076 485
934 4011 1052 4076 Euricc
1079 4018 1219 4092 mortuo,
1255 4016 1289 4076 et
1316 4011 1474 4075 Faustum
1508 4031 1550 4074 ex
1579 4007 1679 4072 exilio
1709 4006 1846 4072 rediisse
1879 4012 1914 4069 00

253 4111 421 4176 Ruricium
448 4114 659 4181 Lemovicum
686 4117 878 4203 episcopum
910 4122 1055 4181 creatum
1087 4137 1159 4180 esse
1189 4115 1349 4197 volone).
1399 4114 1582 4199 Utrumque
1618 4112 1734 4177 eodem
1765 4117 1912 4198 ternpore

255 4216 442 4300 contigisse,
467 4241 510 4282 ex
534 4221 676 4305 epistula
699 4241 796 4305 quam
821 4220 862 4284 00
877 4220 1045 4285 Ruricium
1063 4218 1152 4284 dedit
1167 4219 1310 4284 Faustus
1327 4217 1412 4302 (Fu.
1428 4217 1474 4302 V)
1499 4218 1602 4282 conici
1620 4222 1743 4303 potest:
1770 4215 1913 4291 Gratius,

254 4319 374 4404 inquit,
408 4322 453 4385 00
480 4343 545 4399 uos,
580 4324 656 4387 000
685 4325 769 4390 cobis
797 4325 835 4388 00
858 4325 973 4404 pratris
1001 4323 1185 4402 scribimus,
1225 4325 1281 4404 qai
1314 4323 1402 4387 nobis
1423 4322 1571 4402 putrium
1597 4323 1632 4385 in
1654 4319 1913 4403 perscrutatione

253 4425 373 4506 00000000
390 4475 397 4488 .
416 4475 422 4488 .
441 4476 473 4490 ..
497 4427 581 4490 0000
601 4426 724 4507 factam
746 4433 799 4507 est,
822 4433 859 4492 ut
875 4479 882 4492 .
901 4477 932 4492 ..
955 4427 1175 4508 fidelissimum
1196 4425 1355 4508 sacristiam
1383 4447 1478 4489 sicam
1501 4425 1685 4511 (Ruricium
1710 4421 1794 4508 scil.)
1817 4443 1913 4502 saper

256 4527 481 4594 0000000ον000
503 4531 614 4595 risurus
636 4554 714 4596 0000
730 4582 737 4596 .
755 4583 762 4596 .
779 4584 787 4599 .
805 4582 811 4595 .
835 4532 1026 4598 sublimaret.

362 4633 515 4699 Ruricius
541 4637 712 4724 episcopus
735 4660 811 4702 num
836 4639 868 4701 in
892 4637 1026 4701 exilium
1050 4636 1170 4699 missus
1194 4635 1246 4714 sit,
1271 4633 1404 4698 dubium
1428 4639 1495 4706 cst;
1520 4653 1715 4718 quamquam
1740 4631 1786 4694 ita
1809 4629 1913 4713 accipi

256 4745 389 4822 possunt
413 4761 497 4824 quac
522 4740 634 4805 scribit
657 4765 688 4828 p.
705 4745 778 4822 309,
791 4745 847 4805 27;
864 4763 926 4821 per
941 4739 1034 4804 talem
1050 4740 1134 4803 00000
1153 4759 1210 4802 uos
1233 4738 1293 4802 iter
1313 4738 1408 4818 spisse
1423 4737 1601 4818 coprcoscitc,
1611 4756 1672 4815 per
1687 4754 1784 4814 quain
1799 4753 1855 4795 000
1870 4732 1914 4794 00

248 4841 456 4920 paradisum,
484 4865 547 4908 000
574 4846 679 4908 dicam
713 4846 757 4908 00
786 4844 864 4909 arrii
871 4846 946 4909 iam
973 4842 1143 4925 quisquam
1169 4843 1216 4905 ire
1245 4841 1405 4905 desiderat.
1451 4840 1617 4924 Litigasse
1648 4857 1722 4901 cum
1750 4842 1782 4900 ct
1809 4835 1912 4900 Chro-

256 4946 389 5030 uopium
420 4947 722 5015 Petrocoricensem
747 4952 937 5035 episcopum
962 4948 1001 5013 de
1025 4948 1146 5012 finibus
1170 4947 1361 5026 diocesium,
1385 4953 1521 5030 utroque
1545 4940 1731 5029 parochiam
1757 4939 1912 5004 Gemilia-

256 5072 387 5115 ccnscm
411 5051 520 5138 (hodie
544 5053 706 5131 Jumittac,
730 5075 796 5116 arr.
818 5054 974 5130 Noatron,
998 5053 1064 5133 000.
1081 5051 1261 5134 0000000)
1286 5049 1348 5114 sibi
1370 5048 1555 5113 vindicante
1581 5045 1623 5132 (p.
1641 5042 1794 5128 316,19),
1818 5043 1912 5107 intel-

256 5161 375 5245 legitur
398 5180 440 5223 ex
466 5159 607 5244 epistula
629 5180 723 5243 quam
747 5157 788 5220 00
806 5156 1027 5243 Chronopium
1055 5155 1095 5220 de
1124 5175 1164 5220 ea
1188 5176 1223 5219 re
1252 5153 1342 5218 dedit
1369 5152 1421 5237 (R.
1442 5151 1484 5230 ΙΙ,
1498 5150 1543 5235 6).
1588 5148 1758 5224 Quomodo
1784 5153 1910 5210 contro·

255 5265 396 5330 versiam
420 5263 615 5342 deciderint,
641 5285 705 5326 non
728 5262 845 5346 liqust3
869 5267 982 5324 nostra
1005 5261 1159 5339 interest,
1184 5257 1270 5344 quod
1293 5257 1374 5321 fines
1397 5276 1556 5342 pagorum
1580 5251 1857 5318 Petrocoriccnsis
1881 5258 1914 5314 ct

255 5368 499 5436 lemovicensis
517 5369 562 5431 ita
581 5367 766 5432 accuratius
788 5366 996 5430 definiuntur.
1045 5363 1228 5449 Eparchius
1248 5361 1334 5426 tilius
1355 5359 1477 5424 Ruricii
1501 5357 1540 5423 ab
1557 5357 1747 5443 Aprunculo
1764 5357 1913 5418 Arverno

256 5475 410 5559 episcopo
442 5470 486 5556 (a.
511 5471 708 5554 479-491)
744 5475 879 5556 propter
909 5467 1037 5554 culpam
1068 5465 1231 5552 quandam
1266 5464 1307 5527 ab
1343 5463 1483 5527 ccclesia
1518 5462 1673 5525 exclusus
1702 5459 1747 5546 (p.
1772 5457 1913 5542 ats,ar)

363 5699 383 5767 ¹)
402 5697 563 5764 'I'illcruont,
585 5696 809 5764 diasceuastae.
829 5695 847 5748 ὰ
865 5693 988 5749 t’bistor'ae
1005 5693 1086 5748 aare.
1119 5691 1191 5757 XVI,
1211 5711 1235 5764 p.
1250 5693 1310 5748 033.
