4560 6434
746 395 853 451 LIBER
871 396 906 464 II,
930 396 1006 453 XLII
1024 396 1040 466 5
1059 398 1073 452 1
1092 427 1126 435 —
1144 397 1245 452 XLVII
1263 397 1279 466 ξ
1299 398 1322 453 l.

984 657 1087 724 XLV.

547 794 609 860 AD
633 794 830 861 DOMNUM
853 795 1090 860 HISPANUM
1113 795 1290 862 RURIOII
1313 798 1528 864 EPISOOPI.

319 913 409 1006 Aeo
432 943 566 1027 gratias,
590 943 686 1032 quod,
709 943 786 1009 dum
810 944 904 1008 nobis
924 943 1132 1010 Doranoniae
1156 946 1262 1031 spolia
1286 946 1516 1024 transmittitis,
1539 947 1695 1032 pietatem
1719 953 1860 1030 vestram
1896 951 1908 1010 I

211 1067 292 1131 erga
326 1068 378 1110 me
413 1047 670 1113 sincerissimam
702 1050 936 1136 comprobatis,
976 1070 1040 1136 qua
1074 1071 1132 1114 nos
1167 1049 1305 1135 amplius
1346 1071 1444 1136 quam
1482 1049 1607 1116 deliciis
1642 1049 1859 1117 delectamur:

171 1164 183 1203 ⁵
210 1149 369 1235 siquidem
398 1150 474 1218 inde
505 1154 647 1218 esuriem
678 1155 824 1240 corporis
856 1175 1113 1240 compescemus,
1145 1153 1221 1218 binc
1251 1152 1368 1229 cordis;
1400 1151 1476 1218 inde
1505 1155 1612 1219 ventri
1639 1155 1860 1219 transitorium

210 1256 404 1340 porrigimus
433 1262 579 1343 pastum,
616 1257 691 1323 hinc
720 1280 796 1323 vero
826 1259 933 1322 animo
961 1279 1151 1323 nransurum
1186 1258 1381 1344 praebemus
1412 1259 1575 1323 effectum.
1626 1258 1760 1345 proinde
1794 1265 1861 1323 tam
1893 1263 1912 1323 2

210 1360 312 1423 amori
346 1381 442 1445 quem
471 1362 596 1426 muneri
626 1368 736 1427 vestro
766 1363 889 1448 gratias
917 1366 1146 1447 repensantes,
1183 1361 1359 1448 reciprocis
1392 1361 1548 1447 pietatem
1583 1367 1726 1427 vestram
1759 1361 1859 1448 plori-

209 1483 298 1526 mum
335 1464 543 1550 sospitamus.
593 1472 626 1530 et
665 1467 741 1553 quia
777 1465 818 1531 de
855 1472 968 1531 nostra
1001 1464 1145 1551 dignaris
1185 1488 1259 1531 esse
1299 1467 1404 1531 salute
1440 1466 1615 1545 sollicitus,
1656 1468 1749 1531 iuxta
1786 1473 1862 1533 vota

211 1567 344 1654 pietatis
360 1574 490 1634 vestrae
512 1591 563 1635 me
580 1572 691 1636 valere
714 1571 861 1657 significo
884 1569 1044 1656 simulque
1068 1568 1219 1656 deposco,
1243 1569 1299 1634 ubi
1322 1575 1469 1634 sanctum
1492 1571 1616 1656 paseha
1638 1569 1755 1636 facturi
1779 1570 1859 1650 sitis,

158 1685 184 1722 1⁰
210 1692 263 1736 me
286 1673 527 1739 recurrentibus
550 1674 730 1740 instruatis.

973 1845 1094 1911 XLVI.

489 1984 664 2051 RURIOII
687 1983 895 2050 EPISOOPI
918 1983 981 2048 AD
1005 1983 1340 2049 PRESBYTERUM
1363 1984 1579 2051 ALBINUM.

319 2101 394 2197 Um
417 2133 457 2197 ad
481 2155 533 2199 me
557 2135 735 2199 communis
759 2135 866 2198 luctus
889 2133 994 2197 nuntii
1018 2154 1148 2198 rumore
1171 2133 1335 2219 pervenit,
1366 2133 1451 2219 quod
1480 2140 1588 2198 tamen
1619 2134 1752 2198 miratus
1777 2153 1859 2212 sum,
1895 2135 1908 2194 1

210 2236 293 2322 quod
317 2258 381 2301 non
405 2237 467 2301 hoc
490 2237 580 2324 prius
605 2260 647 2302 ex
671 2238 897 2322 germanitatis
913 2244 1043 2304 vestrae
1067 2239 1226 2304 relatione
1250 2239 1396 2325 cognovi,
1419 2239 1490 2326 ipse
1514 2237 1555 2303 ad
1571 2235 1860 2324 vosrequirendos

157 2353 181 2390 1⁵
210 2340 362 2404 continuo
379 2341 554 2422 venissem,
577 2342 708 2406 nisime
725 2341 852 2408 dierum
868 2341 982 2406 horum
1005 2343 1190 2408 reverentia
1213 2342 1423 2408 retardasset.
1460 2343 1520 2408 bas
1544 2342 1719 2423 transmisi,
1742 2340 1860 2426 quibus
1893 2342 1912 2402 2

210 2464 320 2529 spero,
350 2450 386 2508 ut
408 2466 460 2510 me
484 2452 676 2510 excusatum
706 2445 829 2512 babere
858 2445 1038 2532 dignemini
1068 2452 1101 2512 et
1132 2447 1232 2512 filiam
1261 2453 1422 2528 nostram,
1454 2468 1550 2533 quam
1577 2444 1674 2510 audio
1701 2466 1737 2510 se
1760 2444 1860 2510 vehe-

209 2552 338 2611 menter
365 2547 528 2633 affligere,
561 2547 602 2612 ad
630 2549 737 2614 vicem
764 2571 871 2616 meam
901 2557 967 2615 tam
996 2571 1039 2614 cx
1067 2551 1193 2615 ratione
1224 2570 1320 2637 quam
1351 2573 1394 2616 cx
1421 2557 1531 2616 vostra
1560 2551 1753 2616 auctoritate
1783 2568 1860 2612 con-

209 2650 367 2731 solemini,
391 2651 476 2737 quod
500 2651 650 2717 dominus
674 2659 788 2718 nostor
810 2651 850 2716 de
875 2674 970 2717 servo
995 2674 1053 2718 suo
1076 2658 1109 2719 ot
1132 2652 1260 2740 quando
1283 2653 1384 2719 voluit
1406 2660 1439 2718 et
1462 2652 1547 2739 quod
1569 2653 1672 2717 voluit
1695 2653 1782 2718 feeit.
1827 2657 1860 2714 et
1893 2653 1912 2714 3

209 2752 283 2818 ideo
307 2761 419 2820 contra
443 2757 644 2821 voluntatem
667 2755 789 2822 domini
806 2757 920 2822 venire
938 2755 1113 2836 videbitur,
1136 2755 1188 2821 cui
1211 2756 1363 2843 displicet
1386 2756 1497 2820 divine
1518 2757 1723 2842 praeceptio:
1747 2755 1859 2838 utique

156 2870 183 2909 2⁰
209 2857 331 2941 divina,
360 2860 437 2948 quia
459 2862 599 2925 animam
622 2868 766 2926 nostram
790 2860 845 2925 ille
870 2860 967 2942 eolus,
993 2881 1066 2924 oum
1090 2860 1241 2942 voluerit,
1270 2881 1311 2925 ex
1335 2881 1470 2946 corpore
1494 2865 1603 2946 potest
1626 2859 1776 2938 educere,
1807 2856 1861 2942 qui

209 2962 292 3027 ludit
314 2964 348 3027 in
376 2985 521 3052 corpore.
567 2972 599 3030 et
629 2965 748 3030 idcirco
777 2965 883 3028 luctus
910 2964 973 3028 iste
1003 2964 1136 3042 nimius,
1166 2964 1221 3048 qui
1249 2963 1377 3028 videtur
1404 2985 1478 3028 esse
1506 2963 1653 3050 pietatis,
1685 2962 1789 3048 magis
1818 2983 1860 3026 ox
1892 2963 1911 3023 4

210 3066 331 3138 diaboli
364 3069 499 3133 consilio
532 3090 628 3154 quam
663 3090 705 3133 ex
739 3068 863 3154 pietate
894 3066 1080 3148 deseendit,
1112 3073 1161 3148 ut,
1196 3065 1272 3132 dum
1304 3067 1397 3133 dolor
1425 3067 1658 3132 consolationis
1686 3065 1859 3152 impatiens

209 3171 364 3254 querellis
393 3173 460 3236 suis
489 3171 587 3238 deum
618 3171 796 3258 impictatis
826 3171 1017 3256 exprobrat,
1054 3169 1108 3257 qui
1142 3171 1312 3256 praemisit
1345 3171 1446 3236 filium
1480 3193 1540 3258 per
1572 3170 1747 3236 humanam
1781 3190 1858 3234 con-

208 3272 385 3356 dicionem,
414 3297 474 3362 por
504 3276 764 3340 incredulitatem
799 3275 943 3340 animam
969 3273 1094 3360 perdat.
1144 3275 1301 3362 plangant
1331 3275 1448 3340 mortui
1476 3282 1622 3340 mortuos
1654 3296 1745 3355 suos,
1780 3294 1860 3358 quos
1892 3275 1910 3334 5

156 3389 181 3429 2⁵
209 3385 450 3444 resurrecturos
475 3401 550 3444 osse
573 3400 638 3444 non
661 3379 808 3458 crodunt,
832 3380 888 3464 qui
911 3379 1052 3444 animam
1068 3401 1143 3443 eum
1159 3401 1256 3445 carne
1278 3380 1453 3445 aestimant
1468 3380 1611 3462 interire,
1635 3379 1753 3465 quibus
1769 3378 1859 3442 nulla

208 3479 249 3545 de
272 3481 476 3549 beatitudine
500 3485 640 3566 animae,
664 3484 754 3549 nulla
778 3483 819 3548 dc
844 3485 989 3571 corporis
1012 3485 1251 3550 restauratione
1273 3484 1391 3549 fiducia
1407 3490 1466 3550 est.
1508 3506 1567 3549 uos
1583 3505 1672 3565 vero,
1695 3484 1751 3567 qui
1767 3504 1859 3569 spem
1891 3486 1911 3545 6

208 3587 455 3652 resurrectionis
489 3588 648 3654 habemus
682 3589 716 3652 in
744 3587 894 3668 Christo,
929 3589 983 3673 qui
1015 3589 1141 3655 animas
1171 3596 1301 3655 nostras
1333 3589 1426 3654 iuxta
1457 3589 1726 3674 pollicitationem
1756 3588 1858 3674 ipsius

209 3685 332 3753 domini
355 3690 388 3754 in
412 3698 598 3757 sanctorum
627 3693 752 3758 sinibus
781 3690 944 3757 credimus
975 3693 1143 3774 collocari,
1176 3692 1218 3758 ad
1245 3694 1351 3780 ipsum
1379 3714 1438 3758 nos
1467 3690 1565 3757 cordo
1595 3698 1628 3756 et
1657 3690 1858 3756 orationibus

209 3793 414 3858 conferamus
442 3802 475 3860 et
505 3797 762 3862 consolationem
791 3795 832 3861 de
859 3796 963 3882 ipsius
992 3797 1210 3882 promissione
1240 3797 1421 3883 capiamus,
1451 3795 1539 3881 quod
1567 3792 1739 3860 credentes
1767 3795 1800 3858 in
1824 3817 1859 3858 ee

59 3935 61 3940 ,
157 3906 183 3945 ³⁰
210 3917 321 3961 secum
344 3899 456 3965 vivere
479 3900 580 3966 faciat
603 3922 664 3966 noe
687 3900 773 3965 ullus
797 3899 884 3987 apud
902 3923 977 3967 eum
994 3901 1056 3966 nisi
1074 3901 1212 3967 infidelis
1228 3907 1375 3966 mortuus
1391 3899 1561 3986 iudicetur.
1599 3898 1859 3985 etitaplanctus
1893 3901 1911 3960 7

209 4006 349 4083 nostros,
378 4003 461 4068 siout
483 4005 645 4091 scripture
667 4025 727 4070 nos
750 4004 878 4088 edocet,
907 4013 1138 4092 temperemus,
1165 4004 1290 4070 dicens:
1321 4005 1454 4069 luctus
1486 4003 1681 4089 sapientis
1710 4008 1858 4089 septem

209 4102 362 4186 diebus,
386 4107 497 4194 impii
520 4131 612 4174 vero
636 4131 770 4174 omnes
794 4109 879 4175 dies
903 4111 1013 4176 vitae
1037 4131 1145 4176 suae.
1185 4111 1269 4174 sicut
1289 4109 1409 4175 scimus
1425 4109 1517 4173 illum
1533 4115 1697 4173 mortuum
1713 4128 1858 4195 corpore,

209 4207 319 4272 anime
342 4230 418 4274 vero
441 4232 499 4297 pro
523 4213 713 4279 innocentia
735 4235 795 4280 soe
817 4213 878 4280 deo
902 4214 1023 4294 rivere,
1047 4214 1093 4281 ita
1115 4235 1176 4280 nos
1199 4214 1348 4280 viventes
1371 4234 1505 4299 corpore
1528 4210 1625 4278 corde
1649 4213 1834 4279 moriemur.

965 4471 1103 4537 XLVII.

623 4610 797 4678 RURIOII
821 4610 1028 4677 EPISOOPI
1050 4611 1114 4676 AD
1137 4609 1447 4676 TAURENTIUM.

317 4725 407 4820 Aoo
430 4758 553 4841 gratias
575 4760 842 4846 promptissimae
864 4761 897 4824 in
920 4759 1051 4825 domino
1074 4758 1242 4824 devotioni
1264 4763 1297 4821 et
1319 4758 1558 4822 sincerissimae
1586 4777 1664 4841 erga
1696 4777 1746 4819 me
1775 4756 1859 4820 cari·
1894 4759 1907 4818 1

209 4859 267 4923 teti
283 4866 423 4942 vestrae,
446 4882 530 4947 quae
553 4861 682 4928 divinae
705 4863 857 4928 bonitatis
879 4863 1037 4929 Imitatrix
1060 4861 1116 4927 det
1139 4861 1223 4947 quod
1238 4884 1259 4927 e
1278 4883 1329 4926 me
1351 4861 1415 4926 sibi
1431 4861 1585 4947 prospicit
1602 4858 1860 4946 supplicandum,

311 5085 346 5140 24
363 5085 428 5140 Luc.
447 5085 495 5150 IX,
513 5087 554 5142 60.
642 5088 674 5142 31
694 5087 779 5143 Ecoli.
799 5087 886 5152 XXII,
905 5088 946 5143 13.

312 5206 521 5277 2domnum]G
590 5207 708 5263 ruriciG
812 5207 1016 5276 3dorenoniae]
1031 5205 1065 5274 G,
1082 5210 1216 5262 Duranius
1234 5208 1326 5261 Sidou.
1345 5226 1425 5260 carm.
1443 5207 1539 5272 XXII,
1557 5212 1614 5273 103,
1635 5209 1766 5260 Dornonis
1785 5209 1860 5274 (ἶνες.

209 5295 264 5347 bist.
278 5295 326 5348 Fr.
343 5295 407 5362 VII,
419 5300 460 5349 28.
476 5300 517 5360 32,
535 5297 596 5349 dora
614 5299 717 5350 nomine
734 5316 762 5350 re
781 5298 899 5350 Canama
1019 5295 1037 5348 5
1058 5297 1140 5349 uestri
1157 5292 1183 5348 G
1304 5295 1319 5348 'l
1338 5296 1497 5362 repensantis
1509 5295 1612 5362 papiae
1631 5298 1680 5348 256
1698 5304 1802 5347 ammte
1821 5292 1861 5346 G:

212 5384 342 5449 obsequiis
361 5383 446 5449 euppl.
464 5383 628 5450 Lr'ttjoltomr,
650 5387 683 5452 cs.
702 5386 778 5450 iasra
799 5384 845 5450 11,
862 5390 907 5447 50,
931 5385 1024 5435 litteris
1047 5383 1182 5435 subaudiri
1203 5384 1256 5434 ecit
1278 5382 1420 5434 Montanae
1541 5381 1574 5433 10
1599 5399 1639 5434 me
1659 5379 1859 5449 recurrentibus]

210 5471 244 5536 ef.
258 5469 407 5535 capram
457 5467 600 5536 instruatis]
619 5471 677 5522 finit
694 5471 755 5522 adal.
768 5468 794 5522 G
880 5469 913 5521 12
924 5465 1041 5522 ruriciG
1129 5467 1161 5520 13
1173 5465 1291 5520 nantiiG
1379 5465 1411 5518 14
1427 5465 1559 5520 lationeG
1646 5466 1679 5518 19
1696 5465 1861 5521 indebiturG

209 5555 321 5622 displieit
340 5552 366 5606 G
478 5552 572 5622 2001]
591 5553 660 5608 &G
772 5554 807 5608 24
824 5557 950 5624 plangant
968 5584 1000 5592 —
1019 5554 1052 5607 27
1070 5558 1097 5607 ἰιι
1115 5553 1220 5623 christo]
1239 5557 1273 5624 cs.
1292 5555 1334 5620 II,
1346 5561 1372 5620 4,
1389 5573 1471 5622 supro
1483 5573 1510 5622 p.
1522 5559 1580 5620 314,
1597 5557 1614 5607 1.
1629 5559 1664 5608 29
1778 5553 1813 5606 26
1829 5556 1860 5608 de

210 5639 377 5708 beatitudine]
393 5641 589 5696 beatitudines}
670 5643 704 5695 28
716 5642 825 5712 sinibus]
838 5640 873 5709 G,
883 5645 979 5696 finibus
990 5643 1108 5695 Canities
1192 5638 1391 5710 30plenctosG
1471 5638 1668 5695 33uiuentisG
1713 5639 1860 5706 moriamur]

209 5729 266 5785 finit
283 5725 386 5782 adeo
488 5728 523 5784 35
540 5726 662 5783 ruriciG
731 5731 892 5784 taurencium
911 5727 938 5782 G
1042 5728 1075 5783 37
1094 5725 1224 5782 diuinaG
1293 5729 1337 5781 dat
1353 5730 1422 5798 quod
1439 5726 1465 5798 a]
1484 5727 1635 5795 discrimen,
1652 5731 1678 5781 id
1695 5725 1809 5798 quodG

1916 661 1949 733 G
