4560 6434
785 405 892 468 Lmen
910 407 945 478 ΙΙ,
967 403 1007 467 VI
1025 409 1040 480 ἓ
1059 408 1073 464 1
1093 441 1125 450 -
1145 405 1182 466 IX
1201 409 1218 481 ς
1235 409 1260 467 3.

974 707 1068 774 VIII.

354 863 533 930 DOMINO
558 862 734 929 SANCTO
758 863 816 930 ΕΤ
838 863 1121 929 APOSTOLIOO
1145 863 1204 928 AO
1227 863 1332 928 MIHI
1355 863 1473 928 PRAE
1497 863 1688 930 daunais

224 967 273 1032 IN
296 966 493 1033 cHRlsuo
516 966 695 1032 DOMINO
719 966 868 1032 CULTU
891 965 1192 1042 AFFEOTUQUE
1216 964 1519 1032 PEOULIARIUS
1542 967 1817 1034 EXCOLENDO

429 1069 641 1136 PATRONO
665 1069 722 1134 ΕΤ
743 1070 893 1137 PAPAE
916 1070 1087 1136 AEONIO
1110 1069 1326 1136 RURIOIUS
1350 1070 1608 1139 EPISOOPUS.

158 1225 170 1262 ⁵
300 1185 529 1296 Quomensous
553 1219 748 1304 quicumque
774 1225 903 1284 sanctos
928 1225 984 1283 aut
1014 1219 1211 1305 apostolicos
1233 1220 1330 1299 viros,
1361 1241 1439 1306 quos
1465 1220 1707 1285 misericordiae
1733 1241 1844 1307 opera,
1878 1222 1891 1280 l

198 1344 330 1411 operum
360 1323 491 1402 merita,
522 1324 712 1389 meritorum
734 1324 803 1388 vita
832 1323 1037 1405 commendat
1068 1329 1165 1408 atque
1188 1323 1331 1387 omnium
1354 1325 1509 1388 virtutum
1533 1323 1620 1388 lame
1642 1322 1843 1396 disseminat,

197 1447 427 1492 aerumnarum
450 1427 536 1492 mole
560 1425 707 1512 depressi
728 1432 887 1512 coguntur
903 1433 1071 1512 expetere,
1096 1426 1172 1492 dum
1188 1427 1370 1492 litterarum
1387 1427 1545 1491 solacium
1562 1433 1724 1513 quaerunt
1739 1426 1844 1492 labori

199 1551 268 1612 suo,
291 1530 487 1595 beneficium
513 1530 684 1595 confemmt
706 1530 869 1596 desiderio
892 1537 1013 1598 nostro.
1059 1537 1188 1596 etcum
1211 1531 1254 1595 sit
1277 1532 1407 1595 illorum
1431 1531 1523 1596 labor
1544 1538 1657 1596 noster
1680 1530 1780 1612 dolor,
1808 1531 1845 1594 fit
1876 1532 1896 1592 2

199 1643 309 1700 tamen
332 1655 392 1720 per
414 1634 512 1700 officii
534 1635 742 1700 collationem
765 1656 878 1700 eorum
901 1636 1084 1700 necessitas
1107 1635 1247 1721 quodam
1267 1635 1363 1700 modo
1387 1635 1504 1700 caritas
1527 1642 1647 1716 nostra,
1671 1657 1745 1721 que,
1767 1634 1843 1698 dum
1956 1703 1957 1708 γ

146 1755 172 1792 ¹⁰
198 1740 342 1826 ipsorum
369 1736 609 1824 adquiescimus
638 1740 800 1827 petitioni,
830 1746 960 1806 nostrae
992 1738 1211 1805 satisfacimus
1238 1740 1413 1820 voluntati,
1444 1747 1477 1805 ot
1499 1741 1546 1805 ita
1567 1741 1617 1822 fil,
1647 1745 1683 1803 ut
1713 1745 1845 1825 egestas

198 1843 342 1931 petentis
366 1843 409 1906 sit
431 1843 603 1928 largientis
626 1845 762 1909 utilitas.
801 1844 893 1909 fratri
913 1844 1023 1930 itaque
1043 1849 1076 1908 et
1093 1843 1358 1930 compresbytero
1374 1849 1486 1908 nostro
1503 1843 1688 1909 Possessori
1705 1842 1844 1921 nomine,
1878 1843 1896 1903 3

199 1947 284 2032 quod
307 1947 400 2034 peius
424 1953 485 2027 est,
507 1948 616 2034 potius
640 1968 736 2034 quam
759 1948 927 2028 facultate,
951 1947 1041 2033 (quia
1064 1947 1149 2033 quod
1171 1947 1288 2013 babuit
1310 1969 1369 2034 pro
1394 1948 1502 2013 fratris
1525 1947 1748 2034 redemptione
1770 1967 1846 2032 pro·

198 2051 296 2132 ludit,
324 2051 430 2116 lactus
461 2057 512 2116 est
539 2073 714 2137 possessor
740 2051 899 2138 paradisi,
932 2051 1008 2116 dum
1030 2051 1239 2138 proprietatis
1264 2052 1388 2116 saeculi
1410 2050 1531 2116 desinit
1554 2072 1626 2117 esse
1648 2048 1845 2138 possessor),

198 2155 238 2220 ad
257 2156 477 2242 apostolatum
492 2161 637 2220 uestrum
660 2155 947 2221 commendaticias
964 2155 1143 2242 postulanti
1164 2155 1308 2220 libenter
1331 2154 1461 2221 indulsi.
1501 2156 1592 2220 ouius
1614 2155 1845 2222 necessitatem
1878 2157 1897 2215 4

148 2275 173 2314 ¹⁵
191 2261 228 2324 ¹si
252 2259 404 2344 dignatur
425 2259 555 2347 plenius
579 2260 734 2324 sanctitas
751 2268 861 2325 restra
885 2280 1096 2345 cognoscere,
1120 2259 1306 2345 epistulam,
1331 2281 1427 2344 quam
1451 2257 1492 2323 ad
1508 2259 1725 2324 humilitatem
1740 2277 1847 2322 meam

198 2363 300 2427 frater
327 2370 440 2428 noster
462 2362 637 2428 Eumerius
668 2364 841 2449 episcopus
872 2384 932 2449 per
960 2363 1066 2450 ipsum
1094 2362 1231 2444 direxit,
1262 2364 1344 2428 tanti
1373 2363 1496 2429 habeat
1525 2384 1697 2429 recensere
1726 2368 1759 2428 et
1781 2361 1847 2425 illic

198 2474 369 2554 agnoscet,
401 2467 541 2553 qualiter
570 2468 634 2553 ipsi
663 2466 783 2531 debeat
812 2473 846 2530 et
874 2487 933 2552 pro
963 2465 1197 2531 consuetudine
1227 2467 1399 2532 consulere
1427 2473 1460 2532 et
1488 2488 1546 2552 pro
1577 2467 1711 2531 caritate
1735 2472 1848 2530 mutua

198 2571 382 2637 condolere.
428 2572 482 2657 qui
505 2578 542 2636 ut
564 2571 698 2636 fratrem
721 2571 762 2636 ab
794 2570 942 2635 hostibus
970 2570 1122 2636 redderet
1153 2571 1307 2648 liberum,
1341 2592 1378 2635 se
1407 2570 1604 2636 creditorum
1633 2571 1746 2635 maluit
1774 2591 1847 2635 esse
1879 2573 1898 2631 5

199 2677 363 2761 captivum
387 2683 435 2757 et,
462 2681 498 2740 ut
521 2676 577 2740 ille
601 2675 827 2741 crudelissima
849 2681 954 2740 morte
984 2695 1049 2738 non
1078 2675 1261 2761 privaretur
1282 2675 1365 2757 rita,
1394 2675 1463 2761 ipso
1492 2674 1631 2739 extorris
1661 2680 1713 2738 eat
1742 2675 1847 2738 lactura

318 2781 326 2794 ,
1967 2778 1970 2784 .

146 2785 1847 2865 2⁰&passmussssss·-aassisaas·sss-sumsissmssasssus

303 3366 425 3460 Senem
454 3397 595 3482 apostoli
623 3395 718 3461 Pauli
746 3398 943 3463 sententiam
974 3404 1185 3478 contuentes,
1217 3419 1281 3484 qua
1308 3397 1466 3463 Romanis
1495 3398 1641 3462 scribens
1670 3398 1729 3462 ait:
1758 3398 1849 3462 nolo
1884 3403 1895 3461 1

197 3521 264 3565 vos
287 3500 488 3585 ignorare,
518 3500 683 3583 iratres,
715 3502 807 3586 quia
835 3523 956 3589 saepe
980 3503 1167 3588 proposui
1190 3503 1329 3566 venire
1354 3500 1502 3584 advos,
1534 3501 1601 3565 sed
1624 3501 1849 3586 prohibitus

146 3619 171 3657 ²⁵
198 3625 284 3667 sum
307 3625 434 3690 usque
457 3603 603 3684 adhue,
628 3610 662 3669 et
684 3626 743 3669 noa
767 3605 888 3688 dicere,
910 3604 1034 3691 pudore
1051 3606 1238 3691 instigante,
1263 3605 1502 3692 compellimur:
1527 3605 1673 3670 crebrius
1690 3604 1847 3668 voluimus

199 3708 239 3773 ad
263 3709 515 3774 sincerissimam
538 3710 696 3795 pietatem
721 3716 864 3774 vestram
886 3710 1008 3796 scripta
1031 3709 1188 3795 dirigere,
1221 3709 1280 3773 sed
1302 3709 1460 3795 prohibiti
1483 3730 1595 3773 sumus
1619 3729 1724 3794 usquc
1754 3728 1850 3787 nunc,

197 3812 391 3899 prohibente
421 3813 573 3879 nimirum
605 3814 661 3879 illo
694 3815 750 3900 qui
783 3815 890 3879 bonae
921 3815 1079 3878 uoluntati
1120 3814 1290 3879 consueuit
1324 3833 1454 3899 semper
1488 3812 1663 3894 obsistere,
1699 3811 1848 3876 invidens

198 3919 322 3983 scilieet
343 3918 505 4005 profectui
528 3927 638 3984 nostro
663 3925 697 3984 et
721 3919 853 3984 affectui
868 3925 990 3998 vestro,
1015 3918 1147 3983 affectui
1169 3924 1281 3982 nostro
1302 3925 1334 3981 et
1353 3916 1513 4004 profectui
1530 3923 1648 3982 vestro.
1686 3915 1848 4003 profectui
1881 3917 1900 3977 2

199 4028 310 4086 nostro
339 4028 373 4086 et
400 4021 532 4088 affectui
554 4029 681 4103 uestro,
713 4025 787 4109 quia
817 4023 965 4088 doctrina
994 4028 1105 4088 vestra
1133 4021 1272 4086 eruditio
1300 4027 1410 4085 nostra
1439 4027 1489 4085 ast
1513 4027 1547 4086 et
1576 4019 1718 4107 epistula
1740 4026 1850 4085 nostra

147 4139 173 4178 ³0
199 4125 330 4188 collatio
353 4124 515 4192 desiderii
530 4129 633 4193 vestri
660 4134 727 4204 est;
751 4133 785 4194 ct
807 4149 918 4190 rursus
940 4125 1104 4212 profectui
1127 4131 1236 4190 vestro
1261 4131 1294 4190 et
1318 4125 1451 4189 affectui
1473 4131 1595 4206 nostro,
1620 4125 1696 4210 quia
1712 4123 1849 4188 eruditio

199 4233 311 4292 nostra
334 4250 460 4294 merces
484 4237 595 4296 vestra
620 4239 670 4297 est
694 4239 728 4297 et
752 4253 851 4318 opera
867 4238 899 4296 et
914 4231 1043 4296 collatio
1059 4229 1213 4295 desiderii
1228 4229 1328 4294 vestri
1343 4229 1444 4294 nostri
1461 4236 1513 4293 est
1529 4229 1688 4294 sermonis
1704 4228 1850 4293 allectus.

177 4332 245 4395 'ita
268 4331 354 4396 anim
377 4334 491 4417 paucis
514 4333 640 4414 diebus,
665 4355 747 4421 quos
771 4335 850 4399 mihi
872 4356 950 4399 vere
974 4342 1007 4400 et
1028 4354 1152 4420 paucos
1177 4339 1210 4398 et
1233 4333 1446 4398 brevissimos
1470 4339 1580 4398 vester
1602 4333 1681 4397 lecit
1702 4333 1850 4408 allectus,
1882 4335 1901 4396 3

201 4434 277 4499 dum
302 4436 576 4522 contemplatione
593 4443 702 4502 vestra
725 4459 791 4502 non
815 4439 919 4503 solum
943 4438 1055 4502 satiari
1071 4444 1184 4502 noster
1199 4437 1319 4522 nequit,
1343 4458 1455 4502 uerum
1473 4437 1572 4501 etiam
1588 4434 1728 4500 videndo
1745 4437 1849 4520 magis

200 4538 385 4603 exardescit
418 4540 570 4621 intuitus,
608 4563 680 4606 cum
710 4563 765 4605 vos
798 4547 831 4604 et
867 4540 1129 4623 desideraremus
1165 4546 1358 4625 praesentes
1388 4546 1422 4605 et
1452 4539 1558 4604 adhuc
1588 4560 1698 4604 coram
1728 4539 1850 4625 positos

154 4655 178 4695 ³⁵
206 4663 448 4728 quaereremus,
472 4665 588 4709 sensus
611 4651 741 4709 nostros
764 4645 854 4709 fonte
878 4643 1052 4730 purissimo
1075 4643 1209 4728 benigni
1233 4643 1375 4729 pectoris
1398 4643 1571 4729 irrigastis,
1597 4649 1643 4724 ut,
1673 4643 1851 4727 quamlibet

300 4900 335 4954 23
352 4900 431 4956 Rom.
449 4899 471 4966 I,
491 4901 531 4956 13.

301 5039 319 5093 4
340 5039 442 5110 aeonio]
462 5043 567 5110 scripsi,
592 5042 706 5094 aenioG
808 5041 826 5094 5
850 5040 1068 5110 quotiensqua]0
1173 5041 1204 5095 11
1229 5041 1272 5111 sit]
1291 5044 1367 5096 estG
1471 5039 1504 5094 12
1521 5043 1649 5095 lratresG
1717 5042 1851 5110 proluitG

201 5125 234 5179 13
249 5128 438 5196 propislatcaG
533 5127 566 5180 16
582 5125 643 5194 illic}
657 5130 688 5192 0,
706 5128 774 5180 illico
786 5128 908 5196 Basaapc
1006 5127 1038 5181 17
1057 5130 1209 5197 agnoscito
1304 5129 1337 5182 19
1353 5129 1558 5182 crudelissimG
1651 5127 1687 5180 20
1697 5130 1852 5196 postpatria

200 5215 312 5280 spatium
323 5214 398 5280 'qrcod
415 5224 494 5266 restat
509 5232 597 5266 amaru
609 5223 697 5276 sacae
714 5215 783 5280 quood
794 5216 906 5280 sequeitur
911 5216 1091 5281 fragmentum
1103 5216 1172 5266 alias
1185 5216 1309 5282 epistulae
1320 5233 1373 5268 case
1380 5225 1453 5282 pater
1467 5217 1490 5268 G
1575 5213 1609 5266 23
1620 5222 1771 5268 contuentes
1783 5233 1849 5266 corr.

198 5301 382 5352 constituentes
397 5301 436 5352 0²
540 5300 575 5352 25
593 5307 612 5352 fr
633 5303 656 5352 d
725 5302 839 5352 crebrius
853 5327 886 5337 -
904 5299 939 5352 27
957 5298 1090 5368 obsistere]
1108 5301 1218 5368 misoclo
1236 5320 1301 5368 qaae
1319 5303 1413 5354 dicium
1431 5301 1519 5354 Seueri
1535 5301 1567 5354 de
1584 5303 1673 5353 altimo
1690 5303 1784 5354 iudicio
1802 5308 1850 5352 cl

200 5385 249 5450 (cst
263 5387 346 5438 Halm
359 5405 389 5454 p.
402 5387 474 5452 219).·
498 5405 620 5456 persaepe
638 5390 670 5440 od
687 5405 734 5439 voa
752 5389 839 5439 venire
857 5388 936 5453 volui,
958 5389 1003 5440 sed
1020 5407 1103 5456 usqua
1120 5391 1204 5441 adhuc
1222 5391 1359 5458 impeditus
1376 5408 1442 5456 snm,
1465 5391 1604 5443 obsistente
1621 5407 1652 5442 eo
1670 5391 1714 5456 qui
1732 5392 1853 5441 convenit

197 5473 333 5537 obsistere,
360 5473 493 5526 Ruricium
510 5493 584 5526 aman
604 5493 656 5526 case
674 5473 812 5536 Baliarica,
836 5473 1005 5526 Mimallones
1025 5474 1053 5540 I,
1076 5476 1168 5542 Praes.
1186 5477 1281 5526 emansit
1360 5478 1480 5530 uolumus
1500 5478 1523 5528 (l
1634 5473 1669 5528 26
1690 5476 1808 5542 dirigar&
1828 5476 1852 5527 G

199 5557 235 5608 30
252 5560 362 5610 conlatio
379 5560 410 5624 G,
427 5562 568 5613 consolatio
580 5561 702 5628 Barnape
809 5557 841 5611 31
861 5562 991 5612 arereisG
1061 5580 1137 5630 opera
1153 5560 1188 5628 at]
1202 5562 1353 5626 Mommsen,
1371 5571 1483 5630 tempora
1497 5565 1527 5628 G,
1545 5563 1720 5630 sempercoai.
1735 5563 1852 5612 Canities

199 5643 291 5710 nostri]
309 5645 409 5711 scripsi,
426 5649 545 5720 uestrill
650 5645 685 5697 34
702 5643 796 5711 adbuc]
815 5647 913 5712 scripsi,
931 5647 965 5697 ad
982 5648 1069 5698 bocG
1138 5665 1225 5700 curam
1246 5649 1379 5716 positusG
1482 5649 1516 5703 35
1533 5667 1625 5702 sensus
1643 5674 1675 5685 -
1691 5666 1718 5713 p.
1731 5650 1788 5712 318,
1805 5648 1852 5698 l.2

197 5727 353 5799 possideam]
372 5731 493 5784 Ruricius
510 5751 541 5785 ea
558 5752 595 5800 ep.
614 5732 737 5784 Victorini
753 5751 796 5784 ar.
812 5731 875 5796 VII,
893 5750 976 5798 surpra
989 5752 1019 5800 p.
1034 5737 1089 5798 271,
1107 5735 1130 5785 l:
1139 5738 1172 5785 24
1191 5736 1277 5788 haurit

1899 864 1932 937 G
