4560 6434
819 417 1282 490 crenawel-ver.
1810 424 1872 487 315

229 592 392 678 propheta
413 591 505 656 dicit:
537 592 633 657 educ
657 593 703 658 de
727 615 887 659 carcero
911 595 1085 660 animam
1107 617 1230 660 meam
1254 594 1299 659 ad
1328 594 1595 660 confitendum
1625 595 1874 660 nominituo.
1931 592 1964 665 G

229 695 354 760 credite
377 695 466 776 rnihi,
489 694 606 761 fratres
630 698 796 780 carissimi,
821 699 897 783 quia
920 699 976 762 illa
999 699 1064 763 iam
1087 698 1128 763 de
1152 721 1211 763 sua
1234 699 1341 783 quiete
1366 720 1482 764 secura
1504 698 1545 763 de
1569 705 1679 762 nostra
1701 704 1752 762 est
1768 699 1873 762 salute
1885 700 1925 760 20

230 798 379 880 sollicita,
404 818 486 882 quae
510 799 538 862 si
562 800 732 866 nobiscum
755 808 869 888 posset
892 803 1030 867 miscere
1053 803 1224 888 colloquia,
1248 803 1311 868 hoc
1334 802 1472 868 diceret:
1505 803 1617 882 nolite,
1640 802 1685 888 pii
1709 805 1921 888 parentea,2l

228 902 326 966 nolite
351 923 403 966 me
426 902 504 966 flere
527 923 588 967 nec
610 904 730 990 ingrati
754 911 820 969 tam
842 905 984 990 benigno
1008 905 1137 970 domino
1160 906 1346 992 planctibus
1370 905 1489 971 nimiae
1512 905 1697 970 dilectionis
1720 906 1874 970 existere.

189 1022 201 1060 «1
229 1013 309 1086 9919,
332 1005 486 1070 habuerit
508 1012 656 1093 tempore
680 1028 774 1074 meae
797 1009 1017 1073 arcessitionis
1041 1009 1104 1073 hoc
1124 1009 1241 1095 pietas,
1265 1011 1328 1075 iam
1352 1009 1451 1076 debet
1473 1009 1620 1074 dolorem
1636 1015 1779 1074 vestrum
1794 1007 1875 1072 fides

229 1133 300 1176 cum
330 1117 478 1197 tempore
508 1117 709 1198 temperare,
740 1115 817 1199 quia
844 1114 907 1178 etsi
933 1113 1027 1177 vohis
1056 1119 1186 1178 mortua
1213 1135 1298 1195 sum,
1330 1113 1391 1179 deo
1420 1113 1504 1178 vivo.
1549 1118 1605 1177 aut
1634 1112 1789 1200 numquid
1817 1133 1875 1176 vos
1886 1113 1926 1176 22

227 1215 332 1300 magis
363 1214 501 1301 potestis
533 1237 642 1280 amare
670 1238 766 1303 quam
794 1216 959 1294 dominus,
994 1217 1048 1302 qui
1075 1238 1127 1282 me
1154 1217 1246 1298 fecit,
1277 1217 1438 1304 quomodo
1464 1217 1583 1298 voluit,
1613 1217 1767 1300 redemit,
1799 1217 1875 1303 quia

227 1321 400 1401 19191191,
422 1317 549 1404 quando
566 1321 678 1402 voluit,
701 1343 759 1408 pro
774 1343 832 1386 aua
850 1322 972 1408 pietate
990 1321 1153 1407 suscepit?
1167 1363 1171 1374 ·
1191 1328 1247 1387 aut
1263 1322 1350 1407 quod
1365 1323 1469 1409 magis
1485 1322 1606 1386 doloris
1623 1322 1725 1387 vestri
1740 1321 1878 1408 potestis

230 1425 353 1490 habere
369 1422 537 1505 solacium,
561 1444 657 1509 quam
673 1425 758 1510 quod
776 1424 926 1490 dominus
946 1431 1060 1490 noster
1078 1425 1211 1490 unicum
1234 1426 1336 1490 lilium
1360 1448 1453 1491 suum
1477 1448 1535 1512 pro
1558 1426 1652 1490 nobis
1676 1431 1725 1490 est
1747 1425 1876 1490 tradere

178 1546 203 1584 1⁰
228 1530 383 1616 dignatus
406 1525 448 1592 ad
471 1534 630 1593 mortem?
675 1536 709 1594 et
731 1551 804 1594 cum
826 1530 913 1595 filius
944 1529 996 1594 dei
1025 1530 1204 1594 secundum
1235 1551 1367 1595 carnem
1398 1531 1478 1594 mori
1500 1530 1654 1610 voluerit,
1685 1531 1780 1594 horno
1809 1536 1875 1594 tam

231 1634 349 1699 acerbe
373 1631 472 1697 debet
494 1631 718 1698 condicionem
740 1632 903 1698 humanae
928 1632 1023 1697 sortis
1048 1633 1223 1720 exciperet
1269 1654 1365 1719 quam
1387 1633 1429 1698 ob
1450 1655 1530 1715 ram,
1553 1633 1692 1721 piissimi
1714 1634 1928 1720 9919919923

228 1744 340 1804 vestra
361 1737 470 1824 potius
493 1743 630 1823 peccata
653 1735 770 1800 defleta
794 1743 828 1802 91
851 1736 891 1802 de
909 1736 1133 1801 satisfactione
1149 1743 1329 1802 vestrorum
1350 1737 1519 1804 criminum
1538 1738 1689 1823 cogitate,
1712 1745 1764 1820 ut,
1781 1738 1808 1801 si
1824 1758 1877 1802 mo

182 1858 183 1861 ’
230 1843 264 1908 19
288 1841 419 1906 Ohristo
442 1840 593 1926 diligitis,
622 1841 697 1926 quia
719 1861 771 1904 me
794 1862 871 1906 vere
895 1841 1033 1926 diligere
1063 1863 1128 1906 non
1155 1843 1310 1928 potestis,
1345 1843 1466 1907 919119
1496 1842 1625 1907 domino
1658 1841 1814 1928 diligatis,
1844 1842 1877 1906 in

229 1947 335 2012 sinum
357 1945 562 2032 patriarchae
586 1945 696 2010 venire
721 1945 929 2026 mereamini,
959 1945 1015 2010 ubi
1044 1945 1194 2011 dominus
1225 1967 1284 2032 pro
1310 1947 1518 2012 innocentiae
1541 1967 1594 2011 me
1617 1966 1711 2011 meae
1734 1945 1876 2031 puritate

178 2064 203 2103 ¹⁵
231 2057 264 2115 91
285 2071 345 2136 pro
368 2069 429 2114 sua
456 2049 579 2135 pietate
607 2050 791 2130 constituit,
824 2051 916 2136 quia
944 2051 1226 2116 misericordia
1258 2051 1347 2115 eius
1376 2050 1517 2116 melior
1547 2058 1605 2116 est
1635 2070 1751 2137 super
1778 2050 1876 2133 vita,

228 2161 266 2219 91
288 2153 410 2220 ibidem
433 2175 500 2219 non
521 2153 614 2218 falsis
639 2153 698 2218 sed
713 2154 809 2236 veris,
834 2175 900 2219 999
922 2154 1157 2240 temporalibus
1181 2152 1239 2219 sed
1263 2154 1406 2220 aeternis
1426 2154 1555 2241 gaudiis
1571 2155 1695 2241 pariter
1710 2154 1877 2220 exsultare

228 2259 402 2345 possimus.
438 2257 559 2322 talibus
581 2243 710 2343 oportet
732 2265 768 2323 ut
783 2280 852 2340 nos,
876 2259 991 2346 optimi
1007 2259 1134 2341 fratres,
1159 2265 1192 2323 et
1206 2259 1257 2323 his
1273 2257 1434 2323 similibus
1450 2259 1633 2346 praeceptis
1650 2280 1688 2322 ac
1705 2257 1877 2343 sponsibus
1888 2260 1929 2320 24

230 2362 399 2428 dominicis
429 2363 647 2443 consolemur,
684 2361 760 2448 quia
791 2362 874 2426 sicut
903 2360 990 2448 apud
1017 2361 1181 2427 dominum
1210 2362 1321 2426 futura
1349 2361 1414 2426 iam
1449 2361 1535 2426 facta
1570 2369 1660 2441 sunt,
1695 2362 1743 2427 ita
1772 2361 1878 2426 fidelis

230 2466 410 2532 catholicus
432 2465 595 2554 promissa
618 2466 784 2546 caelestia,
807 2486 891 2551 quae
915 2471 1062 2551 tempore
1087 2487 1145 2530 suo
1168 2463 1336 2551 implenda
1359 2465 1500 2546 conlidit,
1529 2465 1628 2531 debet
1650 2465 1714 2530 iarn
1739 2463 1879 2552 quodam

178 2584 204 2624 ²⁰
230 2569 325 2636 modo
348 2569 470 2634 habere
494 2570 693 2654 praesentia,
716 2591 775 2657 spe
798 2570 1000 2656 praecipere,
1025 2568 1196 2655 possidere
1219 2568 1293 2650 lide,
1318 2569 1472 2656 operibus
1496 2569 1655 2635 obtinere.
1693 2569 1775 2636 haec
1792 2570 1929 2635 enim25

231 2682 306 2740 sunt
328 2695 412 2762 quae
435 2672 529 2737 nobis
553 2673 711 2738 exhibent
734 2674 767 2738 in
790 2674 992 2739 maeroribus
1017 2674 1188 2755 solacium,
1216 2673 1250 2738 in
1273 2673 1442 2738 contrariis
1465 2673 1633 2755 fiduciam,
1656 2673 1690 2738 in
1712 2673 1877 2760 prosperis

229 2761 501 2859 moderationem,
533 2799 575 2843 ne
606 2784 662 2842 aut
692 2779 890 2844 extollamur
918 2775 1070 2843 secundis
1099 2784 1156 2843 aut
1183 2776 1336 2843 cedamus
1371 2777 1515 2843 adversis
1545 2783 1602 2841 aut
1630 2777 1777 2842 tristibus
1800 2797 1878 2841 con-

229 2903 403 2948 sumamur.
448 2880 531 2946 haec
553 2902 648 2966 crgo,
678 2881 795 2948 fratres
819 2881 996 2962 carissimi,
1026 2881 1279 2948 transmittenda
1301 2881 1395 2946 vobis
1419 2881 1461 2946 ad
1488 2902 1691 2947 communem
1716 2880 1879 2966 quandam
1890 2881 1929 2943 26

230 2984 487 3052 consolationem
509 2982 596 3048 haud
620 2984 688 3049 sine
712 3008 831 3072 magno
854 2987 953 3051 animi
976 2986 1088 3051 dolore
1118 2986 1249 3051 dictari.
1289 3006 1350 3051 nec
1370 3007 1423 3051 me
1447 2986 1544 3072 paulo
1567 2986 1664 3051 latius
1687 2984 1877 3072 protrahere

178 3103 202 3142 2⁵
230 3108 415 3154 sermonem
445 3087 613 3152 affluentia
641 3089 813 3154 verborum
844 3090 1003 3177 compulit
1033 3089 1092 3155 scd
1119 3095 1231 3155 aestus
1259 3090 1454 3170 animorum,
1485 3096 1522 3154 ut
1550 3089 1762 3170 desiderium,
1794 3088 1879 3174 quod

230 3192 411 3260 recordatio
444 3190 639 3256 accenderat
671 3194 803 3273 acerba,
838 3194 1101 3260 commemoratio
1133 3193 1259 3258 diutina
1295 3193 1423 3259 leniret.
1485 3194 1519 3257 19
1546 3192 1608 3259 hoc
1639 3194 1738 3259 etiam
1766 3213 1878 3278 parem

229 3298 367 3382 gratiam
392 3316 471 3381 erga
494 3315 696 3360 communem
719 3296 816 3360 filiam
841 3297 1087 3384 comprobemus
1118 3304 1167 3378 ct,
1198 3297 1283 3360 sicut
1306 3317 1365 3361 nos
1393 3297 1464 3361 eius
1491 3297 1559 3360 vita
1592 3297 1798 3376 devinxerat,
1834 3295 1879 3358 ita

230 3403 299 3467 eius
322 3400 479 3466 memoria
502 3399 535 3464 in
558 3399 675 3466 eadem
698 3399 874 3467 dilectione
897 3401 1071 3466 custodiat.

1034 3657 1077 3726 V.

180 3814 206 3854 ³⁰
290 3797 469 3864 DOMINO
495 3795 682 3864 SUBLIMI
704 3796 762 3886 ΕΤ
784 3795 833 3863 IN
858 3796 1054 3864 OHRISTO
1077 3795 1255 3863 DOMINO
1277 3795 1633 3864 DEVINOTISSIMO
1656 3795 1827 3862 FRATRI

826 3900 1034 3966 NAMATIO
1057 3899 1285 3968 RURIOIUS.

342 4001 416 4112 Qut
438 4031 641 4097 occasionem
665 4029 829 4095 scribendi
852 4052 909 4117 pro
932 4029 1185 4095 necessitudinis
1208 4030 1278 4096 iure
1302 4029 1535 4117 perquirimus,
1565 4031 1709 4095 oblatam
1731 4035 1877 4117 praeter·
1914 4033 1924 4093 l

231 4138 361 4202 mittere
385 4157 450 4200 non
474 4135 644 4216 debemus,
667 4141 704 4199 ut
726 4133 842 4200 reddat
864 4135 960 4200 nobis
981 4134 1144 4221 quandam
1164 4135 1372 4222 praesentiae
1391 4135 1576 4222 portionem
1591 4155 1697 4200 sermo
1713 4133 1880 4214 mediator,

231 4242 285 4326 qui
309 4239 467 4304 emittitur
489 4245 522 4303 et
544 4259 609 4302 non
633 4239 802 4319 amittitur,
824 4239 979 4313 tribuitur
1001 4245 1034 4304 ct
1053 4239 1202 4320 habetur,
1226 4237 1353 4303 videtur
1368 4237 1537 4306 discedere
1554 4259 1615 4304 nec
1631 4237 1766 4318 recedit,
1791 4259 1878 4302 ame

179 4360 204 4398 ³⁵
231 4345 390 4429 dirigitur,
417 4349 492 4407 ste
516 4342 702 4428 suscipitur,
731 4363 825 4408 ame
850 4343 1013 4424 scribitur,
1041 4349 1116 4409 ate
1140 4343 1259 4428 legitur
1280 4365 1341 4408 nec
1363 4349 1474 4408 tamen
1498 4343 1663 4424 dividitur,
1691 4363 1764 4406 cum
1788 4341 1879 4425 quasi

231 4447 354 4513 dicisus
384 4447 513 4531 integer
543 4446 714 4531 utriusque
750 4445 848 4510 corde
881 4452 1048 4527 teneatur,
1084 4447 1160 4532 quia
1193 4447 1285 4511 verbi
1319 4467 1410 4511 more
1444 4447 1544 4513 divini
1578 4447 1718 4512 traditur
1751 4452 1785 4510 at
1817 4466 1880 4508 non

232 4551 408 4638 egreditur,
432 4549 598 4615 confertur
620 4549 779 4635 indigenti
800 4556 834 4614 et
855 4572 921 4615 non
944 4551 1091 4616 aufertur
1112 4552 1247 4633 auctori,
1270 4552 1461 4640 accipientis
1478 4552 1602 4616 lucrum
1620 4552 1690 4615 sine
1708 4547 1879 4636 dispendio

143 4745 145 4752 Ι
231 4655 411 4741 largientis,
434 4654 541 4719 ditans
565 4654 695 4740 inopem
719 4675 779 4719 nec
802 4660 976 4720 attenuans
1000 4675 1235 4742 possessorem.

335 4846 351 4898 1
369 4844 414 4899 Ps.
431 4843 523 4908 CXLI,
540 4843 566 4898 8.
654 4845 687 4900 15
705 4843 748 4898 Ps.
769 4843 852 4907 LXII,
870 4843 896 4900 4.

330 4966 482 5036 3possitG
558 4967 680 5019 diderat}
791 4965 978 5019 harcieitionia
993 4967 1024 5032 0,
1041 4968 1075 5035 cs.
1088 4984 1170 5034 capra
1183 4986 1212 5035 p.
1227 4971 1290 5032 308,
1309 4969 1371 5022 l.22
1483 4965 1643 5034 Iqaomodo
1661 4968 1745 5020 uoluit
1763 4963 1879 5034 redemit]

231 5055 382 5121 Mommsen,
399 5055 525 5123 quomodo
537 5055 598 5107 noni
607 5053 616 5122 li
628 5079 694 5106 ιω
705 5051 716 5121 ll
725 5056 811 5107 tramit
826 5056 928 5106 redimit
939 5054 971 5118 0,
988 5055 1033 5120 qui
1045 5071 1085 5106 me
1096 5055 1203 5108 donauit
1214 5057 1277 5122 uite,
1294 5058 1363 5121 emit,
1380 5055 1487 5108 redemit
1498 5053 1617 5105 Oaniaiaca
1704 5051 1736 5104 ll
1754 5071 1846 5106 acerne
1858 5054 1881 5105 O

232 5142 266 5195 12
282 5143 424 5196 99911990
475 5138 807 5208 11911919](1’,119119190ι
900 5137 933 5191 14
950 5140 1037 5206 ainus,
1055 5140 1174 5193 raan
1225 5160 1265 5194 ma
1283 5138 1651 5208 msanMommrers,mean
1737 5138 1881 5206 16199199-

231 5228 338 5298 ralibus]
356 5231 405 5282 reli
421 5231 449 5282 in
467 5229 558 5280 roal}
662 5222 919 5293 reconsonando
1031 5225 1064 5278 19
1082 5229 1256 5294 promissan
1370 5227 1403 5278 21
1421 5245 1467 5279 rex
1484 5226 1611 5278 bibentO
1723 5223 1758 5276 22
1774 5232 1820 5275 aut
1836 5232 1881 5276 991

128 5349 131 5358 ·
232 5317 392 5370 cedamusG
504 5312 637 5382 24119911]
657 5314 978 5382 Lajotann,uru,non
998 5313 1117 5366 canetur
1185 5317 1256 5368 neG
1370 5312 1541 5381 1991199
1653 5309 1687 5363 26
1705 5312 1797 5364 acerba
1814 5327 1881 5362 oom-

231 5404 381 5454 memoratio
399 5399 508 5468 diutina]
527 5401 677 5464 Mommrerr,
694 5401 899 5452 commemoratio
917 5401 1018 5453 diutina
1031 5402 1107 5453 cebra
1121 5401 1152 5466 d,
1165 5402 1369 5454 commemoratio
1384 5401 1483 5452 diutina
1495 5401 1585 5452 crebra
1598 5399 1717 5450 Oanieiue
1779 5397 1880 5465 leniret]

231 5488 561 5552 ammiculante
646 5487 679 5540 21
697 5488 794 5555 argoO
845 5489 1013 5540 dauixeratO
1098 5487 1132 5539 28
1151 5489 1349 5540 dilectionemO
1435 5484 1642 5538 3199999190
1738 5483 1774 5536 32
1791 5487 1835 5552 qui
1849 5513 1882 5522 -

231 5573 266 5626 38
282 5571 462 5642 possessorem]
481 5583 516 5626 cet
532 5575 607 5641 prior
624 5575 748 5640 epistolicae
765 5574 808 5639 ΙΙ,
819 5577 852 5625 36
863 5591 931 5640 pare
1044 5573 1079 5626 33
1096 5573 1229 5642 mediator]
1249 5575 1398 5638 1199119199,
1415 5574 1552 5624 meditatur
1567 5572 1598 5636 O,
1615 5572 1787 5638 1111191166
1804 5573 1881 5623 medi-

233 5663 341 5726 191910,
358 5664 494 5715 meditatus
514 5663 632 5714 Oaniaiar
735 5660 770 5714 34
792 5662 979 5713 admittiturO
1030 5663 1201 5716 tribueturO
1252 5663 1400 5716 discendere
1421 5663 1452 5726 G,
1468 5669 1496 5711 at
1514 5660 1588 5726 infre
1606 5658 1648 5723 ΙΙ,
1664 5661 1699 5711 36
1793 5655 1882 5708 3619-

232 5747 312 5817 tegor]
331 5757 416 5801 tamma
434 5751 496 5800 cdd.
515 5749 557 5813 ΙΙ,
574 5753 606 5801 36
710 5748 745 5800 38
762 5745 871 5815 dictans]
893 5749 925 5814 O,
942 5758 970 5799 91
986 5750 1062 5816 {asra
1080 5748 1122 5814 ΙΙ,
1138 5755 1173 5803 36
1242 5759 1319 5820 negat
1336 5747 1489 5801 tenuansO

1620 5862 1677 5916 to*
