<?xml version="1.0" encoding="UTF-8"?>
<!DOCTYPE html PUBLIC "-//W3C//DTD XHTML 1.0 Transitional//EN"
    "http://www.w3.org/TR/xhtml1/DTD/xhtml1-transitional.dtd">
<html xmlns="http://www.w3.org/1999/xhtml" xml:lang="en" lang="en">
 <head>
  <title>
</title>
<meta http-equiv="Content-Type" content="text/html;charset=utf-8" />
  <meta name='ocr-system' content='tesseract 3.04.00' />
  <meta name='ocr-capabilities' content='ocr_page ocr_carea ocr_par ocr_line ocrx_word'/>
</head>
<body>
  <div class='ocr_page' id='page_1' title='image "./monumentagerman03mittgoog_0053.png"; bbox 0 0 4732 6436; ppageno 0'>
   <div class='ocr_carea' id='block_1_1' title="bbox 377 375 1511 454">
    <p class='ocr_par' dir='ltr' id='par_1_1' title="bbox 377 375 1511 454">
     <span class='ocr_line' id='line_1_1' title="bbox 377 375 1511 454; baseline -0.008 -17"><span class='ocrx_word' id='word_1_1' title='bbox 377 451 379 454; x_wconf 21' lang='grc' dir='ltr'>Ι</span> <span class='ocrx_word' id='word_1_2' title='bbox 450 385 532 436; x_wconf 80' lang='lat' dir='ltr'>XLVI</span> <span class='ocrx_word' id='word_1_3' title='bbox 1044 375 1254 432; x_wconf 79' lang='lat' dir='ltr'><strong>PRAEFATIO</strong></span> <span class='ocrx_word' id='word_1_4' title='bbox 1274 377 1314 430; x_wconf 78' lang='lat' dir='ltr'><strong><em>lu</em></strong></span> <span class='ocrx_word' id='word_1_5' title='bbox 1333 375 1511 432; x_wconf 84' lang='lat' dir='ltr'><strong><em>SIDONIVM</em></strong></span> 
     </span>
    </p>
   </div>
   <div class='ocr_carea' id='block_1_2' title="bbox 447 547 2111 3534">
    <p class='ocr_par' dir='ltr' id='par_1_2' title="bbox 447 547 2111 3534">
     <span class='ocr_line' id='line_1_2' title="bbox 576 547 2102 632; baseline -0.004 -14"><span class='ocrx_word' id='word_1_6' title='bbox 576 554 742 630; x_wconf 90' lang='lat' dir='ltr'><strong><em>somnium,</em></strong></span> <span class='ocrx_word' id='word_1_7' title='bbox 757 571 848 632; x_wconf 79' lang='lat' dir='ltr'><strong><em>quem</em></strong></span> <span class='ocrx_word' id='word_1_8' title='bbox 863 551 893 614; x_wconf 88' lang='lat' dir='ltr'><strong><em>si</em></strong></span> <span class='ocrx_word' id='word_1_9' title='bbox 901 551 1064 631; x_wconf 76' lang='lat' dir='ltr'><strong><em>permittis</em></strong></span> <span class='ocrx_word' id='word_1_10' title='bbox 1078 551 1208 614; x_wconf 80' lang='lat' dir='ltr'><strong><em>edicam.</em></strong></span> <span class='ocrx_word' id='word_1_11' title='bbox 1249 549 1398 614; x_wconf 87' lang='lat' dir='ltr'><strong><em>Videbam</em></strong></span> <span class='ocrx_word' id='word_1_12' title='bbox 1413 549 1473 614; x_wconf 87' lang='lat' dir='ltr'><strong><em>bae</em></strong></span> <span class='ocrx_word' id='word_1_13' title='bbox 1486 555 1574 614; x_wconf 88' lang='lat' dir='ltr'><strong><em>nocte</em></strong></span> <span class='ocrx_word' id='word_1_14' title='bbox 1590 547 1757 624; x_wconf 87' lang='lat' dir='ltr'><strong><em>dominica,</em></strong></span> <span class='ocrx_word' id='word_1_15' title='bbox 1781 553 1810 610; x_wconf 95' lang='lat' dir='ltr'><strong><em>et</em></strong></span> <span class='ocrx_word' id='word_1_16' title='bbox 1826 567 1893 612; x_wconf 88' lang='lat' dir='ltr'><strong><em>ecee</em></strong></span> <span class='ocrx_word' id='word_1_17' title='bbox 1907 553 1976 612; x_wconf 78' lang='lat' dir='ltr'><strong><em>nat</em></strong></span> <span class='ocrx_word' id='word_1_18' title='bbox 1991 549 2102 614; x_wconf 89' lang='lat' dir='ltr'><strong><em>domus</em></strong></span> 
     </span>
     <span class='ocr_line' id='line_1_3' title="bbox 575 651 2104 739; baseline -0.003 -18"><span class='ocrx_word' id='word_1_19' title='bbox 575 678 704 739; x_wconf 84' lang='lat' dir='ltr'><strong><em>mapua,</em></strong></span> <span class='ocrx_word' id='word_1_20' title='bbox 732 661 761 720; x_wconf 89' lang='lat' dir='ltr'><strong><em>et</em></strong></span> <span class='ocrx_word' id='word_1_21' title='bbox 787 656 824 719; x_wconf 92' lang='lat' dir='ltr'><strong><em>in</em></strong></span> <span class='ocrx_word' id='word_1_22' title='bbox 853 654 941 718; x_wconf 89' lang='lat' dir='ltr'><strong><em>domo</em></strong></span> <span class='ocrx_word' id='word_1_23' title='bbox 970 659 1038 718; x_wconf 90' lang='lat' dir='ltr'><strong><em>erat</em></strong></span> <span class='ocrx_word' id='word_1_24' title='bbox 1066 655 1199 718; x_wconf 76' lang='lat' dir='ltr'><em>thronus</em></span> <span class='ocrx_word' id='word_1_25' title='bbox 1222 655 1363 734; x_wconf 91' lang='lat' dir='ltr'><strong><em>positus,</em></strong></span> <span class='ocrx_word' id='word_1_26' title='bbox 1394 654 1431 717; x_wconf 91' lang='lat' dir='ltr'><strong><em>in</em></strong></span> <span class='ocrx_word' id='word_1_27' title='bbox 1459 673 1520 733; x_wconf 81' lang='lat' dir='ltr'><strong><em>quo</em></strong></span> <span class='ocrx_word' id='word_1_28' title='bbox 1549 652 1644 732; x_wconf 84' lang='lat' dir='ltr'><strong><em>quasi</em></strong></span> <span class='ocrx_word' id='word_1_29' title='bbox 1671 651 1769 716; x_wconf 80' lang='lat' dir='ltr'><strong><em>iudeo</em></strong></span> <span class='ocrx_word' id='word_1_30' title='bbox 1795 651 1951 716; x_wconf 76' lang='lat' dir='ltr'><strong><em>residebat</em></strong></span> <span class='ocrx_word' id='word_1_31' title='bbox 1981 653 2104 718; x_wconf 89' lang='lat' dir='ltr'><strong><em>cunctis</em></strong></span> 
     </span>
     <span class='ocr_line' id='line_1_4' title="bbox 572 753 2104 842; baseline -0.003 -17"><span class='ocrx_word' id='word_1_32' title='bbox 572 765 728 842; x_wconf 80' lang='lat' dir='ltr'><strong><em>potestate</em></strong></span> <span class='ocrx_word' id='word_1_33' title='bbox 742 759 977 840; x_wconf 76' lang='lat' dir='ltr'><strong><em>praestrutior,</em></strong></span> <span class='ocrx_word' id='word_1_34' title='bbox 1009 758 1062 822; x_wconf 93' lang='lat' dir='ltr'><strong><em>cui</em></strong></span> <span class='ocrx_word' id='word_1_35' title='bbox 1089 757 1285 822; x_wconf 85' lang='lat' dir='ltr'><strong><em>adsistebant</em></strong></span> <span class='ocrx_word' id='word_1_36' title='bbox 1310 755 1403 820; x_wconf 85' lang='lat' dir='ltr'><strong><em>multi</em></strong></span> <span class='ocrx_word' id='word_1_37' title='bbox 1429 756 1626 820; x_wconf 79' lang='lat' dir='ltr'><strong><em>sacerdotum</em></strong></span> <span class='ocrx_word' id='word_1_38' title='bbox 1654 755 1690 818; x_wconf 94' lang='lat' dir='ltr'><strong><em>in</em></strong></span> <span class='ocrx_word' id='word_1_39' title='bbox 1717 753 1798 818; x_wconf 91' lang='lat' dir='ltr'><strong><em>albis</em></strong></span> <span class='ocrx_word' id='word_1_40' title='bbox 1819 756 1967 833; x_wconf 86' lang='lat' dir='ltr'><strong><em>vestibus,</em></strong></span> <span class='ocrx_word' id='word_1_41' title='bbox 1998 757 2052 820; x_wconf 92' lang='lat' dir='ltr'><strong><em>sed</em></strong></span> <span class='ocrx_word' id='word_1_42' title='bbox 2075 761 2104 820; x_wconf 93' lang='lat' dir='ltr'><strong><em>et</em></strong></span> 
     </span>
     <span class='ocr_line' id='line_1_5' title="bbox 570 857 2103 945; baseline -0.003 -17"><span class='ocrx_word' id='word_1_43' title='bbox 570 865 773 945; x_wconf 87' lang='lat' dir='ltr'><strong><em>promiscuae</em></strong></span> <span class='ocrx_word' id='word_1_44' title='bbox 791 861 982 943; x_wconf 81' lang='lat' dir='ltr'><strong><em>populorum</em></strong></span> <span class='ocrx_word' id='word_1_45' title='bbox 1005 861 1116 926; x_wconf 84' lang='lat' dir='ltr'><strong><em>turbae</em></strong></span> <span class='ocrx_word' id='word_1_46' title='bbox 1139 860 1228 924; x_wconf 87' lang='lat' dir='ltr'><strong><em>ualde</em></strong></span> <span class='ocrx_word' id='word_1_47' title='bbox 1250 859 1503 926; x_wconf 86' lang='lat' dir='ltr'><strong><em>innumerabiles.</em></strong></span> <span class='ocrx_word' id='word_1_48' title='bbox 1545 858 1661 924; x_wconf 85' lang='lat' dir='ltr'><strong><em>Verum</em></strong></span> <span class='ocrx_word' id='word_1_49' title='bbox 1683 879 1754 922; x_wconf 80' lang='lat' dir='ltr'><strong><em>cunr</em></strong></span> <span class='ocrx_word' id='word_1_50' title='bbox 1776 857 1852 922; x_wconf 89' lang='lat' dir='ltr'><strong><em>baec</em></strong></span> <span class='ocrx_word' id='word_1_51' title='bbox 1868 859 2012 938; x_wconf 89' lang='lat' dir='ltr'><strong><em>trepidus</em></strong></span> <span class='ocrx_word' id='word_1_52' title='bbox 2031 880 2103 923; x_wconf 91' lang='lat' dir='ltr'><strong><em>eon-</em></strong></span> 
     </span>
     <span class='ocr_line' id='line_1_6' title="bbox 578 962 2104 1048; baseline 0 -18"><span class='ocrx_word' id='word_1_53' title='bbox 578 966 753 1048; x_wconf 87' lang='lat' dir='ltr'><strong><em>ternplarer,</em></strong></span> <span class='ocrx_word' id='word_1_54' title='bbox 777 965 934 1046; x_wconf 74' lang='lat' dir='ltr'><strong><em>conspicio</em></strong></span> <span class='ocrx_word' id='word_1_55' title='bbox 956 965 1079 1028; x_wconf 80' lang='lat' dir='ltr'><strong><em>moinus</em></strong></span> <span class='ocrx_word' id='word_1_56' title='bbox 1101 965 1184 1028; x_wconf 92' lang='lat' dir='ltr'><strong><em>inter</em></strong></span> <span class='ocrx_word' id='word_1_57' title='bbox 1206 984 1257 1028; x_wconf 90' lang='lat' dir='ltr'><strong><em>eos</em></strong></span> <span class='ocrx_word' id='word_1_58' title='bbox 1278 964 1402 1028; x_wconf 91' lang='lat' dir='ltr'><strong><em>beatum</em></strong></span> <span class='ocrx_word' id='word_1_59' title='bbox 1424 963 1553 1028; x_wconf 89' lang='lat' dir='ltr'><strong><em>adstare</em></strong></span> <span class='ocrx_word' id='word_1_60' title='bbox 1575 962 1757 1039; x_wconf 77' lang='lat' dir='ltr'><strong><em>Sidoniam,</em></strong></span> <span class='ocrx_word' id='word_1_61' title='bbox 1786 967 1816 1026; x_wconf 92' lang='lat' dir='ltr'><strong><em>et</em></strong></span> <span class='ocrx_word' id='word_1_62' title='bbox 1842 984 1914 1028; x_wconf 92' lang='lat' dir='ltr'><strong><em>cum</em></strong></span> <span class='ocrx_word' id='word_1_63' title='bbox 1928 966 2104 1044; x_wconf 78' lang='lat' dir='ltr'><strong><em>presbitero</em></strong></span> 
     </span>
     <span class='ocr_line' id='line_1_7' title="bbox 577 1065 2103 1148; baseline -0.001 -12"><span class='ocrx_word' id='word_1_64' title='bbox 577 1071 631 1136; x_wconf 89' lang='lat' dir='ltr'><strong><em>illo</em></strong></span> <span class='ocrx_word' id='word_1_65' title='bbox 653 1070 710 1134; x_wconf 91' lang='lat' dir='ltr'><strong><em>tibi</em></strong></span> <span class='ocrx_word' id='word_1_66' title='bbox 732 1069 912 1144; x_wconf 88' lang='lat' dir='ltr'><strong><em>carissimo,</em></strong></span> <span class='ocrx_word' id='word_1_67' title='bbox 934 1069 991 1148; x_wconf 77' lang='lat' dir='ltr'><strong><em>qui</em></strong></span> <span class='ocrx_word' id='word_1_68' title='bbox 1013 1073 1086 1132; x_wconf 90' lang='lat' dir='ltr'><strong><em>onte</em></strong></span> <span class='ocrx_word' id='word_1_69' title='bbox 1108 1067 1164 1132; x_wconf 87' lang='lat' dir='ltr'><strong><em>bos</em></strong></span> <span class='ocrx_word' id='word_1_70' title='bbox 1180 1087 1303 1148; x_wconf 88' lang='lat' dir='ltr'><strong><em>paucos</em></strong></span> <span class='ocrx_word' id='word_1_71' title='bbox 1324 1088 1426 1131; x_wconf 89' lang='lat' dir='ltr'><strong><em>annos</em></strong></span> <span class='ocrx_word' id='word_1_72' title='bbox 1447 1067 1485 1130; x_wconf 91' lang='lat' dir='ltr'><strong><em>de</em></strong></span> <span class='ocrx_word' id='word_1_73' title='bbox 1506 1066 1563 1130; x_wconf 87' lang='lat' dir='ltr'><strong><em>boc</em></strong></span> <span class='ocrx_word' id='word_1_74' title='bbox 1584 1065 1701 1132; x_wconf 81' lang='lat' dir='ltr'><strong><em>nrundo</em></strong></span> <span class='ocrx_word' id='word_1_75' title='bbox 1722 1067 1877 1148; x_wconf 80' lang='lat' dir='ltr'><strong><em>mipraoit,</em></strong></span> <span class='ocrx_word' id='word_1_76' title='bbox 1899 1073 2016 1133; x_wconf 88' lang='lat' dir='ltr'><strong><em>attente</em></strong></span> <span class='ocrx_word' id='word_1_77' title='bbox 2038 1071 2103 1135; x_wconf 90' lang='lat' dir='ltr'><strong><em>liti·</em></strong></span> 
     </span>
     <span class='ocr_line' id='line_1_8' title="bbox 575 1169 2105 1256; baseline 0.003 -20"><span class='ocrx_word' id='word_1_78' title='bbox 575 1179 709 1256; x_wconf 82' lang='lat' dir='ltr'><strong><em>pantem.</em></strong></span> <span class='ocrx_word' id='word_1_79' title='bbox 758 1174 825 1254; x_wconf 74' lang='lat' dir='ltr'><strong><em>Quo</em></strong></span> <span class='ocrx_word' id='word_1_80' title='bbox 848 1171 966 1236; x_wconf 83' lang='lat' dir='ltr'><strong><em>deuicto</em></strong></span> <span class='ocrx_word' id='word_1_81' title='bbox 987 1171 1072 1234; x_wconf 90' lang='lat' dir='ltr'><strong><em>iubet</em></strong></span> <span class='ocrx_word' id='word_1_82' title='bbox 1089 1192 1146 1235; x_wconf 83' lang='lat' dir='ltr'><strong><em>rec</em></strong></span> <span class='ocrx_word' id='word_1_83' title='bbox 1166 1171 1262 1234; x_wconf 90' lang='lat' dir='ltr'><strong><em>utin</em></strong></span> <span class='ocrx_word' id='word_1_84' title='bbox 1285 1170 1357 1233; x_wconf 90' lang='lat' dir='ltr'><strong><em>imis</em></strong></span> <span class='ocrx_word' id='word_1_85' title='bbox 1379 1170 1516 1234; x_wconf 90' lang='lat' dir='ltr'><strong><em>carceris</em></strong></span> <span class='ocrx_word' id='word_1_86' title='bbox 1537 1169 1696 1251; x_wconf 82' lang='lat' dir='ltr'><strong><em>anpustiis</em></strong></span> <span class='ocrx_word' id='word_1_87' title='bbox 1715 1171 1918 1250; x_wconf 91' lang='lat' dir='ltr'><strong><em>retrudatur;</em></strong></span> <span class='ocrx_word' id='word_1_88' title='bbox 1940 1173 2105 1256; x_wconf 82' lang='lat' dir='ltr'><strong><em>ablatoque</em></strong></span> 
     </span>
     <span class='ocr_line' id='line_1_9' title="bbox 578 1273 2105 1357; baseline -0.001 -15"><span class='ocrx_word' id='word_1_89' title='bbox 578 1279 637 1342; x_wconf 89' lang='lat' dir='ltr'><strong><em>isto</em></strong></span> <span class='ocrx_word' id='word_1_90' title='bbox 664 1283 775 1342; x_wconf 92' lang='lat' dir='ltr'><strong><em>eontra</em></strong></span> <span class='ocrx_word' id='word_1_91' title='bbox 802 1282 831 1340; x_wconf 93' lang='lat' dir='ltr'><strong><em>te</em></strong></span> <span class='ocrx_word' id='word_1_92' title='bbox 857 1278 972 1340; x_wconf 85' lang='lat' dir='ltr'><strong><em>iterum</em></strong></span> <span class='ocrx_word' id='word_1_93' title='bbox 1001 1275 1155 1357; x_wconf 80' lang='lat' dir='ltr'><strong><em>supperit,</em></strong></span> <span class='ocrx_word' id='word_1_94' title='bbox 1188 1274 1295 1338; x_wconf 90' lang='lat' dir='ltr'><strong><em>dicens</em></strong></span> <span class='ocrx_word' id='word_1_95' title='bbox 1322 1279 1351 1338; x_wconf 91' lang='lat' dir='ltr'><strong><em>te</em></strong></span> <span class='ocrx_word' id='word_1_96' title='bbox 1379 1275 1415 1338; x_wconf 91' lang='lat' dir='ltr'><strong><em>iu</em></strong></span> <span class='ocrx_word' id='word_1_97' title='bbox 1442 1295 1475 1338; x_wconf 94' lang='lat' dir='ltr'><strong><em>eo</em></strong></span> <span class='ocrx_word' id='word_1_98' title='bbox 1503 1273 1629 1350; x_wconf 90' lang='lat' dir='ltr'><strong><em>scelere,</em></strong></span> <span class='ocrx_word' id='word_1_99' title='bbox 1659 1279 1792 1356; x_wconf 91' lang='lat' dir='ltr'><strong><em>propter</em></strong></span> <span class='ocrx_word' id='word_1_100' title='bbox 1821 1276 1905 1355; x_wconf 83' lang='lat' dir='ltr'><strong><em>quod</em></strong></span> <span class='ocrx_word' id='word_1_101' title='bbox 1927 1278 2022 1356; x_wconf 89' lang='lat' dir='ltr'><strong><em>prior</em></strong></span> <span class='ocrx_word' id='word_1_102' title='bbox 2054 1278 2105 1342; x_wconf 88' lang='lat' dir='ltr'><strong><em>ille</em></strong></span> 
     </span>
     <span class='ocr_line' id='line_1_10' title="bbox 579 1377 2104 1461; baseline 0 -15"><span class='ocrx_word' id='word_1_103' title='bbox 579 1382 751 1446; x_wconf 87' lang='lat' dir='ltr'><strong><em>damnatus</em></strong></span> <span class='ocrx_word' id='word_1_104' title='bbox 772 1380 895 1460; x_wconf 78' lang='lat' dir='ltr'><strong><em>fuerat,</em></strong></span> <span class='ocrx_word' id='word_1_105' title='bbox 917 1379 1018 1460; x_wconf 70' lang='lat' dir='ltr'><strong><em>samse</em></strong></span> <span class='ocrx_word' id='word_1_106' title='bbox 1034 1379 1236 1459; x_wconf 86' lang='lat' dir='ltr'><strong><em>participem.</em></strong></span> <span class='ocrx_word' id='word_1_107' title='bbox 1289 1377 1405 1442; x_wconf 86' lang='lat' dir='ltr'><strong><em>Verum</em></strong></span> <span class='ocrx_word' id='word_1_108' title='bbox 1426 1378 1482 1442; x_wconf 89' lang='lat' dir='ltr'><strong><em>ubi</em></strong></span> <span class='ocrx_word' id='word_1_109' title='bbox 1503 1378 1615 1454; x_wconf 82' lang='lat' dir='ltr'><strong><em>iudea,</em></strong></span> <span class='ocrx_word' id='word_1_110' title='bbox 1639 1377 1796 1458; x_wconf 88' lang='lat' dir='ltr'><strong><em>quemad</em></strong></span> <span class='ocrx_word' id='word_1_111' title='bbox 1818 1385 1847 1442; x_wconf 91' lang='lat' dir='ltr'><strong><em>te</em></strong></span> <span class='ocrx_word' id='word_1_112' title='bbox 1869 1383 2104 1461; x_wconf 81' lang='lat' dir='ltr'><strong><em>transmitteret,</em></strong></span> 
     </span>
     <span class='ocr_line' id='line_1_11' title="bbox 523 1480 2106 1566; baseline 0.001 -18"><span class='ocrx_word' id='word_1_113' title='bbox 523 1483 524 1486; x_wconf 66' lang='grc'>’</span> <span class='ocrx_word' id='word_1_114' title='bbox 578 1483 708 1550; x_wconf 87' lang='lat' dir='ltr'><strong><em>sollicite</em></strong></span> <span class='ocrx_word' id='word_1_115' title='bbox 726 1486 826 1566; x_wconf 90' lang='lat' dir='ltr'><strong><em>coepit</em></strong></span> <span class='ocrx_word' id='word_1_116' title='bbox 844 1485 1013 1565; x_wconf 76' lang='lat' dir='ltr'><strong><em>inquirere,</em></strong></span> <span class='ocrx_word' id='word_1_117' title='bbox 1036 1504 1087 1566; x_wconf 82' lang='lat' dir='ltr'><strong><em>epo</em></strong></span> <span class='ocrx_word' id='word_1_118' title='bbox 1107 1505 1154 1548; x_wconf 83' lang='lat' dir='ltr'><strong><em>nee</em></strong></span> <span class='ocrx_word' id='word_1_119' title='bbox 1168 1483 1252 1546; x_wconf 91' lang='lat' dir='ltr'><strong><em>inter</em></strong></span> <span class='ocrx_word' id='word_1_120' title='bbox 1266 1481 1403 1562; x_wconf 88' lang='lat' dir='ltr'><strong><em>reliquos</em></strong></span> <span class='ocrx_word' id='word_1_121' title='bbox 1417 1480 1555 1546; x_wconf 86' lang='lat' dir='ltr'><strong><em>occulere</em></strong></span> <span class='ocrx_word' id='word_1_122' title='bbox 1569 1482 1655 1562; x_wconf 89' lang='lat' dir='ltr'><strong><em>coepi</em></strong></span> <span class='ocrx_word' id='word_1_123' title='bbox 1677 1487 1706 1546; x_wconf 92' lang='lat' dir='ltr'><strong><em>et</em></strong></span> <span class='ocrx_word' id='word_1_124' title='bbox 1721 1503 1742 1546; x_wconf 91' lang='lat' dir='ltr'><strong><em>u</em></strong></span> <span class='ocrx_word' id='word_1_125' title='bbox 1757 1487 1840 1564; x_wconf 82' lang='lat' dir='ltr'><strong><em>terpo</em></strong></span> <span class='ocrx_word' id='word_1_126' title='bbox 1856 1485 1937 1562; x_wconf 86' lang='lat' dir='ltr'><strong><em>steti,</em></strong></span> <span class='ocrx_word' id='word_1_127' title='bbox 1959 1490 2106 1550; x_wconf 89' lang='lat' dir='ltr'><strong><em>tractans</em></strong></span> 
     </span>
     <span class='ocr_line' id='line_1_12' title="bbox 579 1575 2105 1670; baseline 0.001 -18"><span class='ocrx_word' id='word_1_128' title='bbox 579 1590 668 1670; x_wconf 89' lang='lat' dir='ltr'><strong><em>apud</em></strong></span> <span class='ocrx_word' id='word_1_129' title='bbox 689 1590 912 1669; x_wconf 87' lang='lat' dir='ltr'><strong><em>memet-ipsum,</em></strong></span> <span class='ocrx_word' id='word_1_130' title='bbox 935 1575 974 1651; x_wconf 77' lang='lat' dir='ltr'><strong><em>rie</em></strong></span> <span class='ocrx_word' id='word_1_131' title='bbox 995 1587 1076 1667; x_wconf 74' lang='lat' dir='ltr'><strong><em>forte</em></strong></span> <span class='ocrx_word' id='word_1_132' title='bbox 1098 1607 1159 1669; x_wconf 81' lang='lat' dir='ltr'><strong><em>epo,</em></strong></span> <span class='ocrx_word' id='word_1_133' title='bbox 1182 1587 1354 1668; x_wconf 81' lang='lat' dir='ltr'><strong><em>quinctus</em></strong></span> <span class='ocrx_word' id='word_1_134' title='bbox 1375 1607 1446 1648; x_wconf 91' lang='lat' dir='ltr'><strong><em>sum</em></strong></span> <span class='ocrx_word' id='word_1_135' title='bbox 1468 1584 1597 1662; x_wconf 88' lang='lat' dir='ltr'><strong><em>bomini,</em></strong></span> <span class='ocrx_word' id='word_1_136' title='bbox 1620 1588 1738 1650; x_wconf 90' lang='lat' dir='ltr'><strong><em>mittar.</em></strong></span> <span class='ocrx_word' id='word_1_137' title='bbox 1785 1585 1874 1651; x_wconf 90' lang='lat' dir='ltr'><strong><em>Dum</em></strong></span> <span class='ocrx_word' id='word_1_138' title='bbox 1889 1587 2105 1654; x_wconf 65' lang='grc'>1000100001</span> 
     </span>
     <span class='ocr_line' id='line_1_13' title="bbox 579 1688 2107 1771; baseline 0.001 -15"><span class='ocrx_word' id='word_1_139' title='bbox 579 1694 698 1756; x_wconf 90' lang='lat' dir='ltr'><strong><em>tacitus</em></strong></span> <span class='ocrx_word' id='word_1_140' title='bbox 727 1692 890 1769; x_wconf 87' lang='lat' dir='ltr'><strong><em>uolucrem,</em></strong></span> <span class='ocrx_word' id='word_1_141' title='bbox 925 1692 1039 1756; x_wconf 90' lang='lat' dir='ltr'><strong><em>amotis</em></strong></span> <span class='ocrx_word' id='word_1_142' title='bbox 1066 1691 1209 1756; x_wconf 88' lang='lat' dir='ltr'><strong><em>omuibus</em></strong></span> <span class='ocrx_word' id='word_1_143' title='bbox 1238 1690 1378 1754; x_wconf 84' lang='lat' dir='ltr'><strong><em>runuusi</em></strong></span> <span class='ocrx_word' id='word_1_144' title='bbox 1406 1688 1492 1754; x_wconf 92' lang='lat' dir='ltr'><strong><em>solus</em></strong></span> <span class='ocrx_word' id='word_1_145' title='bbox 1520 1689 1556 1752; x_wconf 89' lang='lat' dir='ltr'><strong><em>in</em></strong></span> <span class='ocrx_word' id='word_1_146' title='bbox 1582 1688 1710 1769; x_wconf 86' lang='lat' dir='ltr'><strong><em>publico</em></strong></span> <span class='ocrx_word' id='word_1_147' title='bbox 1738 1695 1926 1771; x_wconf 78' lang='lat' dir='ltr'><strong><em>uocatusque</em></strong></span> <span class='ocrx_word' id='word_1_148' title='bbox 1952 1713 1974 1756; x_wconf 93' lang='lat' dir='ltr'><strong><em>a</em></strong></span> <span class='ocrx_word' id='word_1_149' title='bbox 2001 1693 2107 1757; x_wconf 89' lang='lat' dir='ltr'><strong><em>iudice</em></strong></span> 
     </span>
     <span class='ocr_line' id='line_1_14' title="bbox 447 1787 2105 1877; baseline 0 -17"><span class='ocrx_word' id='word_1_150' title='bbox 447 1787 457 1804; x_wconf 68' lang='lat'><strong>⁹</strong></span> <span class='ocrx_word' id='word_1_151' title='bbox 573 1797 710 1877; x_wconf 86' lang='lat' dir='ltr'><strong><em>propius</em></strong></span> <span class='ocrx_word' id='word_1_152' title='bbox 729 1796 849 1860; x_wconf 90' lang='lat' dir='ltr'><strong><em>accedo.</em></strong></span> <span class='ocrx_word' id='word_1_153' title='bbox 889 1794 990 1860; x_wconf 83' lang='lat' dir='ltr'><strong><em>Ozeius</em></strong></span> <span class='ocrx_word' id='word_1_154' title='bbox 1004 1795 1152 1859; x_wconf 87' lang='lat' dir='ltr'><strong><em>virtatem</em></strong></span> <span class='ocrx_word' id='word_1_155' title='bbox 1173 1799 1267 1874; x_wconf 81' lang='lat' dir='ltr'><strong><em>atque</em></strong></span> <span class='ocrx_word' id='word_1_156' title='bbox 1288 1793 1480 1876; x_wconf 83' lang='lat' dir='ltr'><strong><em>splendorem</em></strong></span> <span class='ocrx_word' id='word_1_157' title='bbox 1500 1798 1659 1870; x_wconf 78' lang='lat' dir='ltr'><strong><em>contueris,</em></strong></span> <span class='ocrx_word' id='word_1_158' title='bbox 1682 1795 1768 1876; x_wconf 88' lang='lat' dir='ltr'><strong><em>coepi</em></strong></span> <span class='ocrx_word' id='word_1_159' title='bbox 1782 1793 1870 1858; x_wconf 89' lang='lat' dir='ltr'><strong><em>bobes</em></strong></span> <span class='ocrx_word' id='word_1_160' title='bbox 1885 1795 2013 1874; x_wconf 79' lang='lat' dir='ltr'><strong><em>effectus</em></strong></span> <span class='ocrx_word' id='word_1_161' title='bbox 2028 1798 2105 1860; x_wconf 89' lang='lat' dir='ltr'><strong><em>titu-</em></strong></span> 
     </span>
     <span class='ocr_line' id='line_1_15' title="bbox 579 1895 2107 1980; baseline 0 -16"><span class='ocrx_word' id='word_1_162' title='bbox 579 1900 652 1964; x_wconf 85' lang='lat' dir='ltr'><strong><em>bare</em></strong></span> <span class='ocrx_word' id='word_1_163' title='bbox 660 1920 743 1980; x_wconf 91' lang='lat' dir='ltr'><strong><em>prae</em></strong></span> <span class='ocrx_word' id='word_1_164' title='bbox 757 1904 850 1963; x_wconf 82' lang='lat' dir='ltr'><strong><em>ructu.</em></strong></span> <span class='ocrx_word' id='word_1_165' title='bbox 874 1898 920 1962; x_wconf 87' lang='lat' dir='ltr'><strong><em>Et</em></strong></span> <span class='ocrx_word' id='word_1_166' title='bbox 934 1897 1002 1962; x_wconf 84' lang='lat' dir='ltr'><strong><em>ille:</em></strong></span> <span class='ocrx_word' id='word_1_167' title='bbox 1024 1897 1083 1962; x_wconf 87' lang='lat' dir='ltr'><strong><em>‘Ne</em></strong></span> <span class='ocrx_word' id='word_1_168' title='bbox 1099 1898 1219 1973; x_wconf 87' lang='lat' dir='ltr'><strong><em>timeas,</em></strong></span> <span class='ocrx_word' id='word_1_169' title='bbox 1229 1896 1333 1976; x_wconf 89' lang='lat' dir='ltr'><strong><em>puer’,</em></strong></span> <span class='ocrx_word' id='word_1_170' title='bbox 1356 1895 1470 1976; x_wconf 79' lang='lat' dir='ltr'><strong><em>inquit,</em></strong></span> <span class='ocrx_word' id='word_1_171' title='bbox 1494 1895 1558 1958; x_wconf 85' lang='lat' dir='ltr'><strong><em>‘sed</em></strong></span> <span class='ocrx_word' id='word_1_172' title='bbox 1572 1895 1658 1972; x_wconf 88' lang='lat' dir='ltr'><strong><em>vade,</em></strong></span> <span class='ocrx_word' id='word_1_173' title='bbox 1682 1895 1733 1959; x_wconf 91' lang='lat' dir='ltr'><strong><em>die</em></strong></span> <span class='ocrx_word' id='word_1_174' title='bbox 1749 1897 1924 1976; x_wconf 86' lang='lat' dir='ltr'><strong><em>presbitero</em></strong></span> <span class='ocrx_word' id='word_1_175' title='bbox 1939 1899 2006 1963; x_wconf 86' lang='lat' dir='ltr'><strong><em>illi:</em></strong></span> <span class='ocrx_word' id='word_1_176' title='bbox 2027 1899 2107 1964; x_wconf 88' lang='lat' dir='ltr'><strong><em>Veni</em></strong></span> 
     </span>
     <span class='ocr_line' id='line_1_16' title="bbox 578 1999 2106 2084; baseline 0.001 -18"><span class='ocrx_word' id='word_1_177' title='bbox 578 2003 623 2066; x_wconf 88' lang='lat' dir='ltr'><strong><em>ad</em></strong></span> <span class='ocrx_word' id='word_1_178' title='bbox 643 2001 891 2084; x_wconf 86' lang='lat' dir='ltr'><strong><em>respondendam</em></strong></span> <span class='ocrx_word' id='word_1_179' title='bbox 913 2021 1058 2078; x_wconf 75' lang='lat' dir='ltr'><strong><em>causerm,</em></strong></span> <span class='ocrx_word' id='word_1_180' title='bbox 1085 2001 1163 2081; x_wconf 80' lang='lat' dir='ltr'><strong><em>qnia</em></strong></span> <span class='ocrx_word' id='word_1_181' title='bbox 1185 1999 1337 2065; x_wconf 86' lang='lat' dir='ltr'><strong><em>Sidonius</em></strong></span> <span class='ocrx_word' id='word_1_182' title='bbox 1363 2003 1392 2061; x_wconf 89' lang='lat' dir='ltr'><strong><em>te</em></strong></span> <span class='ocrx_word' id='word_1_183' title='bbox 1414 1999 1564 2062; x_wconf 86' lang='lat' dir='ltr'><strong><em>accersiri</em></strong></span> <span class='ocrx_word' id='word_1_184' title='bbox 1586 1999 1771 2078; x_wconf 88' lang='lat' dir='ltr'><strong><em>deprecatus</em></strong></span> <span class='ocrx_word' id='word_1_185' title='bbox 1799 2006 1853 2064; x_wconf 90' lang='lat' dir='ltr'><strong><em>est.</em></strong></span> <span class='ocrx_word' id='word_1_186' title='bbox 1902 2002 1953 2066; x_wconf 85' lang='lat' dir='ltr'><strong><em>Tu</em></strong></span> <span class='ocrx_word' id='word_1_187' title='bbox 1974 2025 2044 2067; x_wconf 89' lang='lat' dir='ltr'><strong><em>oero</em></strong></span> <span class='ocrx_word' id='word_1_188' title='bbox 2067 2025 2106 2068; x_wconf 90' lang='lat' dir='ltr'><strong><em>nc</em></strong></span> 
     </span>
     <span class='ocr_line' id='line_1_17' title="bbox 578 2087 2108 2186; baseline 0.001 -16"><span class='ocrx_word' id='word_1_189' title='bbox 578 2126 699 2170; x_wconf 76' lang='lat' dir='ltr'><strong><em>mnam</em></strong></span> <span class='ocrx_word' id='word_1_190' title='bbox 720 2106 826 2186; x_wconf 84' lang='lat' dir='ltr'><strong><em>sacius</em></strong></span> <span class='ocrx_word' id='word_1_191' title='bbox 848 2104 892 2167; x_wconf 91' lang='lat' dir='ltr'><strong><em>ad</em></strong></span> <span class='ocrx_word' id='word_1_192' title='bbox 913 2087 1066 2180; x_wconf 90' lang='lat' dir='ltr'><strong><em>eundum,</em></strong></span> <span class='ocrx_word' id='word_1_193' title='bbox 1095 2104 1174 2183; x_wconf 80' lang='lat' dir='ltr'><strong><em>quia</em></strong></span> <span class='ocrx_word' id='word_1_194' title='bbox 1203 2103 1260 2166; x_wconf 90' lang='lat' dir='ltr'><strong><em>sub</em></strong></span> <span class='ocrx_word' id='word_1_195' title='bbox 1286 2102 1405 2184; x_wconf 80' lang='lat' dir='ltr'><strong><em>prandi</em></strong></span> <span class='ocrx_word' id='word_1_196' title='bbox 1433 2102 1651 2181; x_wconf 66' lang='lat' dir='ltr'><strong><em>testificat-ioue</em></strong></span> <span class='ocrx_word' id='word_1_197' title='bbox 1679 2103 1758 2166; x_wconf 88' lang='lat' dir='ltr'><strong><em>mibi</em></strong></span> <span class='ocrx_word' id='word_1_198' title='bbox 1783 2107 1946 2185; x_wconf 89' lang='lat' dir='ltr'><strong><em>proecepit</em></strong></span> <span class='ocrx_word' id='word_1_199' title='bbox 1973 2127 2030 2170; x_wconf 82' lang='lat' dir='ltr'><strong><em>reu</em></strong></span> <span class='ocrx_word' id='word_1_200' title='bbox 2056 2105 2108 2171; x_wconf 91' lang='lat' dir='ltr'><strong><em>ille</em></strong></span> 
     </span>
     <span class='ocr_line' id='line_1_18' title="bbox 579 2206 2106 2289; baseline 0.001 -16"><span class='ocrx_word' id='word_1_201' title='bbox 579 2209 655 2273; x_wconf 88' lang='lat' dir='ltr'><strong><em>baec</em></strong></span> <span class='ocrx_word' id='word_1_202' title='bbox 677 2207 778 2289; x_wconf 81' lang='lat' dir='ltr'><strong><em>loqui,</em></strong></span> <span class='ocrx_word' id='word_1_203' title='bbox 805 2209 929 2272; x_wconf 87' lang='lat' dir='ltr'><strong><em>dicens:</em></strong></span> <span class='ocrx_word' id='word_1_204' title='bbox 957 2207 994 2272; x_wconf 90' lang='lat' dir='ltr'><strong><em>Si</em></strong></span> <span class='ocrx_word' id='word_1_205' title='bbox 1015 2208 1169 2284; x_wconf 88' lang='lat' dir='ltr'><strong><em>tacueris,</em></strong></span> <span class='ocrx_word' id='word_1_206' title='bbox 1192 2212 1290 2272; x_wconf 89' lang='lat' dir='ltr'><strong><em>morte</em></strong></span> <span class='ocrx_word' id='word_1_207' title='bbox 1306 2206 1447 2286; x_wconf 90' lang='lat' dir='ltr'><strong><em>pessima</em></strong></span> <span class='ocrx_word' id='word_1_208' title='bbox 1470 2207 1630 2272; x_wconf 87' lang='lat' dir='ltr'><strong><em>morieris’.</em></strong></span> <span class='ocrx_word' id='word_1_209' title='bbox 1676 2206 1765 2270; x_wconf 91' lang='lat' dir='ltr'><strong><em>Haec</em></strong></span> <span class='ocrx_word' id='word_1_210' title='bbox 1787 2228 1821 2272; x_wconf 92' lang='lat' dir='ltr'><strong><em>eo</em></strong></span> <span class='ocrx_word' id='word_1_211' title='bbox 1843 2207 1985 2289; x_wconf 80' lang='lat' dir='ltr'><strong><em>loquente</em></strong></span> <span class='ocrx_word' id='word_1_212' title='bbox 2006 2215 2106 2274; x_wconf 81' lang='lat' dir='ltr'><strong><em>exter·</em></strong></span> 
     </span>
     <span class='ocr_line' id='line_1_19' title="bbox 579 2310 2108 2393; baseline 0.001 -17"><span class='ocrx_word' id='word_1_213' title='bbox 579 2313 664 2376; x_wconf 91' lang='lat' dir='ltr'><strong><em>ritus</em></strong></span> <span class='ocrx_word' id='word_1_214' title='bbox 678 2312 835 2393; x_wconf 82' lang='lat' dir='ltr'><strong><em>presbiter</em></strong></span> <span class='ocrx_word' id='word_1_215' title='bbox 857 2311 997 2391; x_wconf 76' lang='lat' dir='ltr'><strong><em>elapsum</em></strong></span> <span class='ocrx_word' id='word_1_216' title='bbox 1019 2312 1056 2376; x_wconf 90' lang='lat' dir='ltr'><strong><em>de</em></strong></span> <span class='ocrx_word' id='word_1_217' title='bbox 1078 2331 1178 2376; x_wconf 90' lang='lat' dir='ltr'><strong><em>manu</em></strong></span> <span class='ocrx_word' id='word_1_218' title='bbox 1200 2310 1327 2375; x_wconf 89' lang='lat' dir='ltr'><strong><em>calicem</em></strong></span> <span class='ocrx_word' id='word_1_219' title='bbox 1348 2310 1488 2374; x_wconf 89' lang='lat' dir='ltr'><strong><em>reddidit</em></strong></span> <span class='ocrx_word' id='word_1_220' title='bbox 1509 2311 1674 2390; x_wconf 84' lang='lat' dir='ltr'><strong><em>spiritum,</em></strong></span> <span class='ocrx_word' id='word_1_221' title='bbox 1697 2331 1735 2374; x_wconf 90' lang='lat' dir='ltr'><strong><em>ac</em></strong></span> <span class='ocrx_word' id='word_1_222' title='bbox 1753 2311 1791 2374; x_wconf 89' lang='lat' dir='ltr'><strong><em>de</em></strong></span> <span class='ocrx_word' id='word_1_223' title='bbox 1816 2313 1958 2377; x_wconf 89' lang='lat' dir='ltr'><strong><em>recubitu</em></strong></span> <span class='ocrx_word' id='word_1_224' title='bbox 1981 2313 2108 2378; x_wconf 90' lang='lat' dir='ltr'><strong><em>ablatus</em></strong></span> 
     </span>
     <span class='ocr_line' id='line_1_20' title="bbox 580 2415 2108 2496; baseline 0.001 -14"><span class='ocrx_word' id='word_1_225' title='bbox 580 2421 724 2482; x_wconf 87' lang='lat' dir='ltr'><strong><em>mortuns</em></strong></span> <span class='ocrx_word' id='word_1_226' title='bbox 745 2415 927 2496; x_wconf 85' lang='lat' dir='ltr'><strong><em>sepidturae</em></strong></span> <span class='ocrx_word' id='word_1_227' title='bbox 948 2415 1121 2479; x_wconf 87' lang='lat' dir='ltr'><strong><em>mandatus</em></strong></span> <span class='ocrx_word' id='word_1_228' title='bbox 1149 2420 1206 2492; x_wconf 91' lang='lat' dir='ltr'><strong><em>est,</em></strong></span> <span class='ocrx_word' id='word_1_229' title='bbox 1231 2435 1439 2495; x_wconf 89' lang='lat' dir='ltr'><strong><em>possessurus</em></strong></span> <span class='ocrx_word' id='word_1_230' title='bbox 1467 2415 1631 2495; x_wconf 79' lang='lat' dir='ltr'><strong><em>infernum</em></strong></span> <span class='ocrx_word' id='word_1_231' title='bbox 1657 2436 1729 2480; x_wconf 90' lang='lat' dir='ltr'><strong><em>curn</em></strong></span> <span class='ocrx_word' id='word_1_232' title='bbox 1755 2415 1889 2480; x_wconf 81' lang='lat' dir='ltr'><strong><em>satellite</em></strong></span> <span class='ocrx_word' id='word_1_233' title='bbox 1915 2438 1982 2482; x_wconf 92' lang='lat' dir='ltr'><strong><em>suo.</em></strong></span> <span class='ocrx_word' id='word_1_234' title='bbox 2032 2418 2108 2483; x_wconf 83' lang='lat' dir='ltr'><strong><em>Tale</em></strong></span> 
     </span>
     <span class='ocr_line' id='line_1_21' title="bbox 580 2519 2109 2600; baseline 0.001 -16"><span class='ocrx_word' id='word_1_235' title='bbox 580 2521 737 2585; x_wconf 87' lang='lat' dir='ltr'><strong><em>indicium</em></strong></span> <span class='ocrx_word' id='word_1_236' title='bbox 762 2541 857 2600; x_wconf 87' lang='lat' dir='ltr'><strong><em>super</em></strong></span> <span class='ocrx_word' id='word_1_237' title='bbox 883 2524 1082 2584; x_wconf 91' lang='lat' dir='ltr'><strong><em>contumaces</em></strong></span> <span class='ocrx_word' id='word_1_238' title='bbox 1108 2519 1235 2584; x_wconf 86' lang='lat' dir='ltr'><strong><em>clericos</em></strong></span> <span class='ocrx_word' id='word_1_239' title='bbox 1257 2519 1404 2584; x_wconf 77' lang='lat' dir='ltr'><strong><em>dominiis</em></strong></span> <span class='ocrx_word' id='word_1_240' title='bbox 1425 2519 1462 2582; x_wconf 91' lang='lat' dir='ltr'><strong><em>in</em></strong></span> <span class='ocrx_word' id='word_1_241' title='bbox 1483 2519 1568 2582; x_wconf 86' lang='lat' dir='ltr'><strong><em>banc</em></strong></span> <span class='ocrx_word' id='word_1_242' title='bbox 1591 2519 1746 2583; x_wconf 82' lang='lat' dir='ltr'><strong><em>usandum</em></strong></span> <span class='ocrx_word' id='word_1_243' title='bbox 1762 2519 1934 2599; x_wconf 90' lang='lat' dir='ltr'><strong><em>praetulit,</em></strong></span> <span class='ocrx_word' id='word_1_244' title='bbox 1963 2527 2000 2586; x_wconf 93' lang='lat' dir='ltr'><strong><em>ut</em></strong></span> <span class='ocrx_word' id='word_1_245' title='bbox 2022 2543 2109 2586; x_wconf 90' lang='lat' dir='ltr'><strong><em>unus</em></strong></span> 
     </span>
     <span class='ocr_line' id='line_1_22' title="bbox 580 2621 2108 2704; baseline 0.002 -15"><span class='ocrx_word' id='word_1_246' title='bbox 580 2625 677 2690; x_wconf 89' lang='lat' dir='ltr'><strong><em>Arrii</em></strong></span> <span class='ocrx_word' id='word_1_247' title='bbox 701 2625 869 2689; x_wconf 89' lang='lat' dir='ltr'><strong><em>sortiretur</em></strong></span> <span class='ocrx_word' id='word_1_248' title='bbox 897 2628 1039 2700; x_wconf 67' lang='lat' dir='ltr'><strong><em>mortem</em></strong></span> <span class='ocrx_word' id='word_1_249' title='bbox 1067 2622 1153 2687; x_wconf 91' lang='lat' dir='ltr'><strong><em>alius</em></strong></span> <span class='ocrx_word' id='word_1_250' title='bbox 1175 2627 1337 2704; x_wconf 82' lang='lat' dir='ltr'><strong><em>tunquam</em></strong></span> <span class='ocrx_word' id='word_1_251' title='bbox 1360 2621 1468 2688; x_wconf 90' lang='lat' dir='ltr'><strong><em>Simon</em></strong></span> <span class='ocrx_word' id='word_1_252' title='bbox 1489 2642 1602 2703; x_wconf 82' lang='lat' dir='ltr'><strong><em>napus</em></strong></span> <span class='ocrx_word' id='word_1_253' title='bbox 1623 2621 1757 2702; x_wconf 89' lang='lat' dir='ltr'><strong><em>apostoli</em></strong></span> <span class='ocrx_word' id='word_1_254' title='bbox 1778 2625 1883 2687; x_wconf 89' lang='lat' dir='ltr'><strong><em>sancti</em></strong></span> <span class='ocrx_word' id='word_1_255' title='bbox 1905 2627 2047 2690; x_wconf 78' lang='lat' dir='ltr'><strong><em>natione</em></strong></span> <span class='ocrx_word' id='word_1_256' title='bbox 2068 2628 2108 2692; x_wconf 90' lang='lat' dir='ltr'><strong><em>ab</em></strong></span> 
     </span>
     <span class='ocr_line' id='line_1_23' title="bbox 581 2725 2109 2809; baseline 0.003 -17"><span class='ocrx_word' id='word_1_257' title='bbox 581 2727 702 2792; x_wconf 78' lang='lat' dir='ltr'><strong><em>excelsa</em></strong></span> <span class='ocrx_word' id='word_1_258' title='bbox 724 2748 797 2790; x_wconf 90' lang='lat' dir='ltr'><strong><em>arec</em></strong></span> <span class='ocrx_word' id='word_1_259' title='bbox 817 2727 981 2807; x_wconf 89' lang='lat' dir='ltr'><strong><em>superbiae</em></strong></span> <span class='ocrx_word' id='word_1_260' title='bbox 998 2747 1150 2807; x_wconf 70' lang='lat' dir='ltr'><strong><em>praecem</em></strong></span> <span class='ocrx_word' id='word_1_261' title='bbox 1171 2725 1365 2789; x_wconf 87' lang='lat' dir='ltr'><strong><em>allideretur.</em></strong></span> <span class='ocrx_word' id='word_1_262' title='bbox 1412 2725 1475 2806; x_wconf 74' lang='lat' dir='ltr'><strong><em>Qui</em></strong></span> <span class='ocrx_word' id='word_1_263' title='bbox 1495 2745 1560 2788; x_wconf 90' lang='lat' dir='ltr'><strong><em>non</em></strong></span> <span class='ocrx_word' id='word_1_264' title='bbox 1581 2725 1786 2806; x_wconf 57' lang='lat' dir='ltr'><strong><em>arnmfflntur</em></strong></span> <span class='ocrx_word' id='word_1_265' title='bbox 1802 2728 1931 2807; x_wconf 87' lang='lat' dir='ltr'><strong><em>pariter</em></strong></span> <span class='ocrx_word' id='word_1_266' title='bbox 1946 2731 2109 2809; x_wconf 88' lang='lat' dir='ltr'><strong><em>possidere</em></strong></span> 
     </span>
     <span class='ocr_line' id='line_1_24' title="bbox 581 2829 2109 2912; baseline 0.004 -18"><span class='ocrx_word' id='word_1_267' title='bbox 581 2836 755 2907; x_wconf 88' lang='lat' dir='ltr'><strong><em>tartarum,</em></strong></span> <span class='ocrx_word' id='word_1_268' title='bbox 785 2832 841 2911; x_wconf 85' lang='lat' dir='ltr'><strong><em>qui</em></strong></span> <span class='ocrx_word' id='word_1_269' title='bbox 870 2829 967 2894; x_wconf 40' lang='lat' dir='ltr'><strong><em>sfimul</em></strong></span> <span class='ocrx_word' id='word_1_270' title='bbox 994 2835 1122 2912; x_wconf 77' lang='lat' dir='ltr'><strong><em>eperunt</em></strong></span> <span class='ocrx_word' id='word_1_271' title='bbox 1148 2831 1290 2910; x_wconf 78' lang='lat' dir='ltr'><strong><em>nequiter</em></strong></span> <span class='ocrx_word' id='word_1_272' title='bbox 1319 2834 1429 2893; x_wconf 90' lang='lat' dir='ltr'><strong><em>contra</em></strong></span> <span class='ocrx_word' id='word_1_273' title='bbox 1456 2835 1602 2894; x_wconf 89' lang='lat' dir='ltr'><strong><em>sonetum</em></strong></span> <span class='ocrx_word' id='word_1_274' title='bbox 1629 2829 1807 2909; x_wconf 81' lang='lat' dir='ltr'><strong><em>episcopum</em></strong></span> <span class='ocrx_word' id='word_1_275' title='bbox 1832 2853 1937 2900; x_wconf 90' lang='lat' dir='ltr'><strong><em>suum.</em></strong></span> <span class='ocrx_word' id='word_1_276' title='bbox 1982 2835 2109 2900; x_wconf 90' lang='lat' dir='ltr'><strong><em>Interea</em></strong></span> 
     </span>
     <span class='ocr_line' id='line_1_25' title="bbox 582 2931 2109 3012; baseline 0.004 -14"><span class='ocrx_word' id='word_1_277' title='bbox 582 2955 653 3000; x_wconf 91' lang='lat' dir='ltr'><strong><em>cum</em></strong></span> <span class='ocrx_word' id='word_1_278' title='bbox 679 2935 744 2998; x_wconf 91' lang='lat' dir='ltr'><strong><em>iam</em></strong></span> <span class='ocrx_word' id='word_1_279' title='bbox 772 2939 873 2998; x_wconf 88' lang='lat' dir='ltr'><strong><em>terror</em></strong></span> <span class='ocrx_word' id='word_1_280' title='bbox 900 2933 1102 2998; x_wconf 86' lang='lat' dir='ltr'><strong><em>Francorum</em></strong></span> <span class='ocrx_word' id='word_1_281' title='bbox 1128 2937 1287 2996; x_wconf 89' lang='lat' dir='ltr'><strong><em>resonaret</em></strong></span> <span class='ocrx_word' id='word_1_282' title='bbox 1313 2932 1350 2995; x_wconf 88' lang='lat' dir='ltr'><strong><em>in</em></strong></span> <span class='ocrx_word' id='word_1_283' title='bbox 1376 2931 1427 2996; x_wconf 87' lang='lat' dir='ltr'><strong><em>bis</em></strong></span> <span class='ocrx_word' id='word_1_284' title='bbox 1442 2932 1594 3012; x_wconf 89' lang='lat' dir='ltr'><strong><em>partibus</em></strong></span> <span class='ocrx_word' id='word_1_285' title='bbox 1626 2938 1656 2996; x_wconf 92' lang='lat' dir='ltr'><strong><em>et</em></strong></span> <span class='ocrx_word' id='word_1_286' title='bbox 1684 2954 1789 2998; x_wconf 84' lang='lat' dir='ltr'><strong><em>ornnes</em></strong></span> <span class='ocrx_word' id='word_1_287' title='bbox 1817 2955 1868 2999; x_wconf 92' lang='lat' dir='ltr'><strong><em>eos</em></strong></span> <span class='ocrx_word' id='word_1_288' title='bbox 1896 2957 2001 3002; x_wconf 84' lang='lat' dir='ltr'><strong><em>ornere</em></strong></span> <span class='ocrx_word' id='word_1_289' title='bbox 2028 2940 2109 3003; x_wconf 89' lang='lat' dir='ltr'><strong><em>desi·</em></strong></span> 
     </span>
     <span class='ocr_line' id='line_1_26' title="bbox 582 3035 2111 3124; baseline 0.005 -23"><span class='ocrx_word' id='word_1_290' title='bbox 582 3037 715 3102; x_wconf 87' lang='lat' dir='ltr'><strong><em>derabili</em></strong></span> <span class='ocrx_word' id='word_1_291' title='bbox 736 3042 884 3118; x_wconf 86' lang='lat' dir='ltr'><strong><em>caperent</em></strong></span> <span class='ocrx_word' id='word_1_292' title='bbox 905 3057 1049 3118; x_wconf 83' lang='lat' dir='ltr'><strong><em>repnare,</em></strong></span> <span class='ocrx_word' id='word_1_293' title='bbox 1077 3041 1208 3100; x_wconf 85' lang='lat' dir='ltr'><strong><em>sancires</em></strong></span> <span class='ocrx_word' id='word_1_294' title='bbox 1228 3035 1440 3116; x_wconf 75' lang='lat' dir='ltr'><strong><em>Apnnneulus</em></strong></span> <span class='ocrx_word' id='word_1_295' title='bbox 1462 3036 1656 3118; x_wconf 81' lang='lat' dir='ltr'><strong><em>anonicae</em></strong></span> <span class='ocrx_word' id='word_1_296' title='bbox 1678 3037 1816 3102; x_wconf 74' lang='lat' dir='ltr'><strong><em>cioimtis</em></strong></span> <span class='ocrx_word' id='word_1_297' title='bbox 1837 3041 2000 3122; x_wconf 88' lang='lat' dir='ltr'><strong><em>episeopus</em></strong></span> <span class='ocrx_word' id='word_1_298' title='bbox 2021 3044 2111 3124; x_wconf 90' lang='lat' dir='ltr'><strong><em>apud</em></strong></span> 
     </span>
     <span class='ocr_line' id='line_1_27' title="bbox 582 3137 2109 3225; baseline 0.003 -19"><span class='ocrx_word' id='word_1_299' title='bbox 582 3141 825 3223; x_wconf 85' lang='lat' dir='ltr'><strong><em>Burpondiones</em></strong></span> <span class='ocrx_word' id='word_1_300' title='bbox 851 3142 949 3220; x_wconf 88' lang='lat' dir='ltr'><strong><em>coepit</em></strong></span> <span class='ocrx_word' id='word_1_301' title='bbox 976 3141 1084 3204; x_wconf 85' lang='lat' dir='ltr'><strong><em>baberi</em></strong></span> <span class='ocrx_word' id='word_1_302' title='bbox 1113 3145 1284 3223; x_wconf 58' lang='lat' dir='ltr'><strong><em>euarestus.</em></strong></span> <span class='ocrx_word' id='word_1_303' title='bbox 1332 3137 1472 3219; x_wconf 79' lang='lat' dir='ltr'><strong><em>Cumque</em></strong></span> <span class='ocrx_word' id='word_1_304' title='bbox 1500 3140 1608 3203; x_wconf 89' lang='lat' dir='ltr'><strong><em>odium</em></strong></span> <span class='ocrx_word' id='word_1_305' title='bbox 1635 3139 1673 3202; x_wconf 92' lang='lat' dir='ltr'><strong><em>de</em></strong></span> <span class='ocrx_word' id='word_1_306' title='bbox 1701 3141 1752 3205; x_wconf 90' lang='lat' dir='ltr'><strong><em>die</em></strong></span> <span class='ocrx_word' id='word_1_307' title='bbox 1777 3143 1814 3206; x_wconf 93' lang='lat' dir='ltr'><strong><em>iu</em></strong></span> <span class='ocrx_word' id='word_1_308' title='bbox 1843 3144 1925 3207; x_wconf 88' lang='lat' dir='ltr'><strong><em>diem</em></strong></span> <span class='ocrx_word' id='word_1_309' title='bbox 1952 3153 2109 3225; x_wconf 86' lang='lat' dir='ltr'><strong><em>cresceret,</em></strong></span> 
     </span>
     <span class='ocr_line' id='line_1_28' title="bbox 583 3243 2108 3326; baseline 0.003 -16"><span class='ocrx_word' id='word_1_310' title='bbox 583 3247 706 3310; x_wconf 78' lang='lat' dir='ltr'><strong><em>ireseum</em></strong></span> <span class='ocrx_word' id='word_1_311' title='bbox 729 3251 787 3322; x_wconf 92' lang='lat' dir='ltr'><strong><em>est,</em></strong></span> <span class='ocrx_word' id='word_1_312' title='bbox 815 3251 853 3310; x_wconf 90' lang='lat' dir='ltr'><strong><em>nt</em></strong></span> <span class='ocrx_word' id='word_1_313' title='bbox 879 3245 959 3309; x_wconf 81' lang='lat' dir='ltr'><strong><em>enm</em></strong></span> <span class='ocrx_word' id='word_1_314' title='bbox 985 3243 1092 3326; x_wconf 83' lang='lat' dir='ltr'><strong><em>pladio</em></strong></span> <span class='ocrx_word' id='word_1_315' title='bbox 1113 3245 1273 3325; x_wconf 74' lang='lat' dir='ltr'><strong><em>feriretur.</em></strong></span> <span class='ocrx_word' id='word_1_316' title='bbox 1323 3245 1390 3324; x_wconf 76' lang='lat' dir='ltr'><strong><em>Quo</em></strong></span> <span class='ocrx_word' id='word_1_317' title='bbox 1411 3244 1455 3308; x_wconf 89' lang='lat' dir='ltr'><strong><em>ad</em></strong></span> <span class='ocrx_word' id='word_1_318' title='bbox 1476 3265 1547 3308; x_wconf 92' lang='lat' dir='ltr'><strong><em>eum</em></strong></span> <span class='ocrx_word' id='word_1_319' title='bbox 1561 3243 1689 3324; x_wconf 89' lang='lat' dir='ltr'><strong><em>perlato</em></strong></span> <span class='ocrx_word' id='word_1_320' title='bbox 1709 3247 1823 3310; x_wconf 89' lang='lat' dir='ltr'><strong><em>nuntio</em></strong></span> <span class='ocrx_word' id='word_1_321' title='bbox 1852 3254 1940 3312; x_wconf 89' lang='lat' dir='ltr'><strong><em>nocte</em></strong></span> <span class='ocrx_word' id='word_1_322' title='bbox 1961 3269 1983 3312; x_wconf 92' lang='lat' dir='ltr'><strong><em>a</em></strong></span> <span class='ocrx_word' id='word_1_323' title='bbox 2006 3256 2108 3315; x_wconf 89' lang='lat' dir='ltr'><strong><em>castro</em></strong></span> 
     </span>
     <span class='ocr_line' id='line_1_29' title="bbox 582 3347 2110 3434; baseline 0.003 -20"><span class='ocrx_word' id='word_1_324' title='bbox 582 3347 771 3414; x_wconf 81' lang='lat' dir='ltr'><strong><em>Divioneusi</em></strong></span> <span class='ocrx_word' id='word_1_325' title='bbox 794 3370 856 3430; x_wconf 89' lang='lat' dir='ltr'><strong><em>per</em></strong></span> <span class='ocrx_word' id='word_1_326' title='bbox 887 3369 1015 3412; x_wconf 87' lang='lat' dir='ltr'><strong><em>murum</em></strong></span> <span class='ocrx_word' id='word_1_327' title='bbox 1044 3348 1198 3412; x_wconf 67' lang='lat' dir='ltr'><strong><em>demimus</em></strong></span> <span class='ocrx_word' id='word_1_328' title='bbox 1225 3347 1386 3411; x_wconf 82' lang='lat' dir='ltr'><strong><em>Amernos</em></strong></span> <span class='ocrx_word' id='word_1_329' title='bbox 1415 3347 1543 3410; x_wconf 86' lang='lat' dir='ltr'><strong><em>aduenit</em></strong></span> <span class='ocrx_word' id='word_1_330' title='bbox 1570 3347 1673 3427; x_wconf 80' lang='lat' dir='ltr'><strong><em>ibique</em></strong></span> <span class='ocrx_word' id='word_1_331' title='bbox 1700 3349 1795 3414; x_wconf 78' lang='lat' dir='ltr'><strong><em>insta</em></strong></span> <span class='ocrx_word' id='word_1_332' title='bbox 1825 3352 1952 3417; x_wconf 88' lang='lat' dir='ltr'><strong><em>oerbmn</em></strong></span> <span class='ocrx_word' id='word_1_333' title='bbox 1980 3353 2110 3434; x_wconf 89' lang='lat' dir='ltr'><strong><em>domini,</em></strong></span> 
     </span>
     <span class='ocr_line' id='line_1_30' title="bbox 582 3452 1733 3534; baseline 0 -16"><span class='ocrx_word' id='word_1_334' title='bbox 582 3454 666 3534; x_wconf 83' lang='lat' dir='ltr'><strong><em>quod</em></strong></span> <span class='ocrx_word' id='word_1_335' title='bbox 681 3454 793 3534; x_wconf 89' lang='lat' dir='ltr'><strong><em>posuit</em></strong></span> <span class='ocrx_word' id='word_1_336' title='bbox 815 3454 851 3518; x_wconf 92' lang='lat' dir='ltr'><strong><em>iu</em></strong></span> <span class='ocrx_word' id='word_1_337' title='bbox 873 3473 925 3518; x_wconf 88' lang='lat' dir='ltr'><strong><em>ore</em></strong></span> <span class='ocrx_word' id='word_1_338' title='bbox 946 3453 1051 3516; x_wconf 90' lang='lat' dir='ltr'><strong><em>sancti</em></strong></span> <span class='ocrx_word' id='word_1_339' title='bbox 1073 3453 1208 3530; x_wconf 88' lang='lat' dir='ltr'><strong><em>Sidonii,</em></strong></span> <span class='ocrx_word' id='word_1_340' title='bbox 1231 3452 1418 3516; x_wconf 74' lang='lat' dir='ltr'><strong><em>cananis</em></strong></span> <span class='ocrx_word' id='word_1_341' title='bbox 1440 3452 1538 3516; x_wconf 91' lang='lat' dir='ltr'><strong><em>datur</em></strong></span> <span class='ocrx_word' id='word_1_342' title='bbox 1560 3453 1733 3534; x_wconf 88' lang='lat' dir='ltr'><strong><em>episeopus.</em></strong></span> 
     </span>
    </p>
   </div>
   <div class='ocr_carea' id='block_1_3' title="bbox 454 3744 2111 5183">
    <p class='ocr_par' dir='ltr' id='par_1_3' title="bbox 454 3744 2111 5183">
     <span class='ocr_line' id='line_1_31' title="bbox 561 3744 2108 3838; baseline 0.002 -26"><span class='ocrx_word' id='word_1_343' title='bbox 561 3748 654 3838; x_wconf 82' lang='lat' dir='ltr'><strong><em>Iusta</em></strong></span> <span class='ocrx_word' id='word_1_344' title='bbox 682 3749 814 3814; x_wconf 91' lang='lat' dir='ltr'><strong><em>nomina</em></strong></span> <span class='ocrx_word' id='word_1_345' title='bbox 836 3748 979 3812; x_wconf 85' lang='lat' dir='ltr'><strong><em>auctoris</em></strong></span> <span class='ocrx_word' id='word_1_346' title='bbox 1002 3747 1136 3812; x_wconf 87' lang='lat' dir='ltr'><strong><em>fuerunt</em></strong></span> <span class='ocrx_word' id='word_1_347' title='bbox 1161 3744 1194 3811; x_wconf 81' lang='lat' dir='ltr'><strong><em>O.</em></strong></span> <span class='ocrx_word' id='word_1_348' title='bbox 1216 3745 1333 3812; x_wconf 83' lang='lat' dir='ltr'><strong><em>Sollius</em></strong></span> <span class='ocrx_word' id='word_1_349' title='bbox 1359 3746 1526 3810; x_wconf 85' lang='lat' dir='ltr'><strong><em>Modestus</em></strong></span> <span class='ocrx_word' id='word_1_350' title='bbox 1547 3745 1763 3830; x_wconf 84' lang='lat' dir='ltr'><strong><em>Apollinaris,</em></strong></span> <span class='ocrx_word' id='word_1_351' title='bbox 1794 3749 1835 3814; x_wconf 88' lang='lat' dir='ltr'><strong><em>ad</em></strong></span> <span class='ocrx_word' id='word_1_352' title='bbox 1864 3770 1948 3836; x_wconf 87' lang='lat' dir='ltr'><strong><em>quae</em></strong></span> <span class='ocrx_word' id='word_1_353' title='bbox 1981 3750 2108 3816; x_wconf 86' lang='lat' dir='ltr'><strong><em>accedit</em></strong></span> 
     </span>
     <span class='ocr_line' id='line_1_32' title="bbox 455 3851 2108 3940; baseline 0.001 -22"><span class='ocrx_word' id='word_1_354' title='bbox 455 3855 583 3938; x_wconf 87' lang='lat' dir='ltr'><strong><em>signum</em></strong></span> <span class='ocrx_word' id='word_1_355' title='bbox 607 3851 768 3918; x_wconf 90' lang='lat' dir='ltr'><strong><em>Sidonius.</em></strong></span> <span class='ocrx_word' id='word_1_356' title='bbox 815 3852 948 3916; x_wconf 82' lang='lat' dir='ltr'><strong><em>Scilicet</em></strong></span> <span class='ocrx_word' id='word_1_357' title='bbox 971 3851 1120 3936; x_wconf 84' lang='lat' dir='ltr'><strong><em>epistulis</em></strong></span> <span class='ocrx_word' id='word_1_358' title='bbox 1144 3851 1382 3936; x_wconf 88' lang='lat' dir='ltr'><strong><em>praescriptum</em></strong></span> <span class='ocrx_word' id='word_1_359' title='bbox 1407 3851 1667 3936; x_wconf 86' lang='lat' dir='ltr'><strong><em>subscriptumve</em></strong></span> <span class='ocrx_word' id='word_1_360' title='bbox 1692 3859 1744 3917; x_wconf 88' lang='lat' dir='ltr'><strong><em>est</em></strong></span> <span class='ocrx_word' id='word_1_361' title='bbox 1765 3859 1798 3918; x_wconf 89' lang='lat' dir='ltr'><strong><em>et</em></strong></span> <span class='ocrx_word' id='word_1_362' title='bbox 1822 3855 1854 3917; x_wconf 93' lang='lat' dir='ltr'><strong><em>in</em></strong></span> <span class='ocrx_word' id='word_1_363' title='bbox 1879 3855 2000 3940; x_wconf 90' lang='lat' dir='ltr'><strong><em>optimo</em></strong></span> <span class='ocrx_word' id='word_1_364' title='bbox 2024 3856 2108 3919; x_wconf 89' lang='lat' dir='ltr'><strong><em>libro</em></strong></span> 
     </span>
     <span class='ocr_line' id='line_1_33' title="bbox 454 3953 2109 4045; baseline 0.001 -23"><span class='ocrx_word' id='word_1_365' title='bbox 454 3957 484 4022; x_wconf 90' lang='lat' dir='ltr'><em>L</em></span> <span class='ocrx_word' id='word_1_366' title='bbox 514 3962 547 4020; x_wconf 89' lang='lat' dir='ltr'><strong><em>et</em></strong></span> <span class='ocrx_word' id='word_1_367' title='bbox 575 3957 644 4022; x_wconf 86' lang='lat' dir='ltr'><strong><em>fers</em></strong></span> <span class='ocrx_word' id='word_1_368' title='bbox 672 3957 705 4020; x_wconf 92' lang='lat' dir='ltr'><strong><em>in</em></strong></span> <span class='ocrx_word' id='word_1_369' title='bbox 737 3955 869 4040; x_wconf 89' lang='lat' dir='ltr'><strong><em>reliquis</em></strong></span> <span class='ocrx_word' id='word_1_370' title='bbox 895 3953 935 4019; x_wconf 77' lang='lat' dir='ltr'><strong><em>G.</em></strong></span> <span class='ocrx_word' id='word_1_371' title='bbox 959 3953 1076 4020; x_wconf 80' lang='lat' dir='ltr'><strong><em>Sollius</em></strong></span> <span class='ocrx_word' id='word_1_372' title='bbox 1097 3953 1297 4036; x_wconf 86' lang='lat' dir='ltr'><strong><em>Apollinaris</em></strong></span> <span class='ocrx_word' id='word_1_373' title='bbox 1326 3954 1492 4033; x_wconf 85' lang='lat' dir='ltr'><strong><em>Sidonius,</em></strong></span> <span class='ocrx_word' id='word_1_374' title='bbox 1528 3957 1662 4020; x_wconf 84' lang='lat' dir='ltr'><strong><em>carmini</em></strong></span> <span class='ocrx_word' id='word_1_375' title='bbox 1697 3964 1812 4042; x_wconf 90' lang='lat' dir='ltr'><strong><em>quarto</em></strong></span> <span class='ocrx_word' id='word_1_376' title='bbox 1844 3959 2043 4045; x_wconf 85' lang='lat' dir='ltr'><strong><em>panegyrico</em></strong></span> <span class='ocrx_word' id='word_1_377' title='bbox 2077 3960 2109 4023; x_wconf 94' lang='lat' dir='ltr'><strong><em>in</em></strong></span> 
     </span>
     <span class='ocr_line' id='line_1_34' title="bbox 455 4057 2108 4148; baseline 0.003 -26"><span class='ocrx_word' id='word_1_378' title='bbox 455 4058 680 4138; x_wconf 82' lang='lat' dir='ltr'><strong><em>Maiorianum,</em></strong></span> <span class='ocrx_word' id='word_1_379' title='bbox 705 4057 791 4145; x_wconf 90' lang='lat' dir='ltr'><strong><em>quod</em></strong></span> <span class='ocrx_word' id='word_1_380' title='bbox 815 4059 920 4122; x_wconf 90' lang='lat' dir='ltr'><strong><em>solum</em></strong></span> <span class='ocrx_word' id='word_1_381' title='bbox 944 4079 986 4123; x_wconf 86' lang='lat' dir='ltr'><strong><em>ex</em></strong></span> <span class='ocrx_word' id='word_1_382' title='bbox 1009 4058 1206 4122; x_wconf 84' lang='lat' dir='ltr'><strong><em>carminibus</em></strong></span> <span class='ocrx_word' id='word_1_383' title='bbox 1230 4079 1348 4122; x_wconf 89' lang='lat' dir='ltr'><strong><em>nomen</em></strong></span> <span class='ocrx_word' id='word_1_384' title='bbox 1372 4059 1513 4123; x_wconf 88' lang='lat' dir='ltr'><strong><em>auctoris</em></strong></span> <span class='ocrx_word' id='word_1_385' title='bbox 1536 4059 1670 4145; x_wconf 90' lang='lat' dir='ltr'><strong><em>plenum</em></strong></span> <span class='ocrx_word' id='word_1_386' title='bbox 1693 4060 1793 4138; x_wconf 90' lang='lat' dir='ltr'><strong><em>habet</em></strong></span> <span class='ocrx_word' id='word_1_387' title='bbox 1808 4063 1946 4145; x_wconf 87' lang='lat' dir='ltr'><strong><em>(scilieet</em></strong></span> <span class='ocrx_word' id='word_1_388' title='bbox 1961 4069 2108 4148; x_wconf 87' lang='lat' dir='ltr'><strong><em>praeter-</em></strong></span> 
     </span>
     <span class='ocr_line' id='line_1_35' title="bbox 455 4160 2111 4251; baseline 0.001 -24"><span class='ocrx_word' id='word_1_389' title='bbox 455 4163 564 4227; x_wconf 90' lang='lat' dir='ltr'><strong><em>missis</em></strong></span> <span class='ocrx_word' id='word_1_390' title='bbox 594 4163 771 4228; x_wconf 75' lang='lat' dir='ltr'><strong><em>carminum</em></strong></span> <span class='ocrx_word' id='word_1_391' title='bbox 795 4161 1089 4246; x_wconf 89' lang='lat' dir='ltr'><strong><em>subscriptionibus</em></strong></span> <span class='ocrx_word' id='word_1_392' title='bbox 1117 4160 1158 4225; x_wconf 89' lang='lat' dir='ltr'><strong><em>ad</em></strong></span> <span class='ocrx_word' id='word_1_393' title='bbox 1182 4161 1282 4226; x_wconf 87' lang='lat' dir='ltr'><strong><em>libros</em></strong></span> <span class='ocrx_word' id='word_1_394' title='bbox 1306 4161 1516 4247; x_wconf 81' lang='lat' dir='ltr'><strong><em>epistularum</em></strong></span> <span class='ocrx_word' id='word_1_395' title='bbox 1545 4162 1774 4251; x_wconf 84' lang='lat' dir='ltr'><strong><em>interpolatis),</em></strong></span> <span class='ocrx_word' id='word_1_396' title='bbox 1806 4164 1925 4230; x_wconf 92' lang='lat' dir='ltr'><strong><em>Sollius</em></strong></span> <span class='ocrx_word' id='word_1_397' title='bbox 1945 4165 2111 4230; x_wconf 87' lang='lat' dir='ltr'><strong><em>Modestus</em></strong></span> 
     </span>
     <span class='ocr_line' id='line_1_36' title="bbox 454 4264 2109 4351; baseline 0.002 -21"><span class='ocrx_word' id='word_1_398' title='bbox 454 4265 654 4346; x_wconf 83' lang='lat' dir='ltr'><strong><em>Apollinaris</em></strong></span> <span class='ocrx_word' id='word_1_399' title='bbox 669 4265 837 4343; x_wconf 85' lang='lat' dir='ltr'><strong><em>Sidonius‚·</em></strong></span> <span class='ocrx_word' id='word_1_400' title='bbox 861 4265 932 4351; x_wconf 91' lang='lat' dir='ltr'><strong><em>ipss</em></strong></span> <span class='ocrx_word' id='word_1_401' title='bbox 950 4265 1103 4330; x_wconf 88' lang='lat' dir='ltr'><strong><em>carminis</em></strong></span> <span class='ocrx_word' id='word_1_402' title='bbox 1118 4264 1169 4330; x_wconf 89' lang='lat' dir='ltr'><strong><em>IX</em></strong></span> <span class='ocrx_word' id='word_1_403' title='bbox 1192 4265 1350 4351; x_wconf 90' lang='lat' dir='ltr'><strong><em>principio</em></strong></span> <span class='ocrx_word' id='word_1_404' title='bbox 1373 4266 1510 4330; x_wconf 89' lang='lat' dir='ltr'><strong><em>inseruit</em></strong></span> <span class='ocrx_word' id='word_1_405' title='bbox 1531 4266 1688 4331; x_wconf 88' lang='lat' dir='ltr'><strong><em>vocabula</em></strong></span> <span class='ocrx_word' id='word_1_406' title='bbox 1710 4289 1770 4334; x_wconf 88' lang='lat' dir='ltr'><strong><em>sua</em></strong></span> <span class='ocrx_word' id='word_1_407' title='bbox 1793 4270 1854 4335; x_wconf 89' lang='lat' dir='ltr'><strong><em>sic:</em></strong></span> <span class='ocrx_word' id='word_1_408' title='bbox 1879 4269 1997 4336; x_wconf 89' lang='lat' dir='ltr'><strong><em>Sollius</em></strong></span> <span class='ocrx_word' id='word_1_409' title='bbox 2011 4269 2109 4350; x_wconf 90' lang='lat' dir='ltr'><strong><em>Apol-</em></strong></span> 
     </span>
     <span class='ocr_line' id='line_1_37' title="bbox 455 4367 2109 4460; baseline 0.002 -26"><span class='ocrx_word' id='word_1_410' title='bbox 455 4369 571 4434; x_wconf 88' lang='lat' dir='ltr'><strong><em>linaris</em></strong></span> <span class='ocrx_word' id='word_1_411' title='bbox 594 4368 754 4435; x_wconf 88' lang='lat' dir='ltr'><strong><em>Sidonius.</em></strong></span> <span class='ocrx_word' id='word_1_412' title='bbox 799 4370 830 4433; x_wconf 81' lang='lat' dir='ltr'><strong><em>A</em></strong></span> <span class='ocrx_word' id='word_1_413' title='bbox 846 4368 1006 4434; x_wconf 88' lang='lat' dir='ltr'><strong><em>Mamerto</em></strong></span> <span class='ocrx_word' id='word_1_414' title='bbox 1023 4367 1215 4447; x_wconf 80' lang='lat' dir='ltr'><strong><em>Claudiano,</em></strong></span> <span class='ocrx_word' id='word_1_415' title='bbox 1239 4369 1293 4453; x_wconf 90' lang='lat' dir='ltr'><strong><em>qui</em></strong></span> <span class='ocrx_word' id='word_1_416' title='bbox 1310 4369 1340 4432; x_wconf 91' lang='lat' dir='ltr'><strong><em>ei</em></strong></span> <span class='ocrx_word' id='word_1_417' title='bbox 1357 4369 1522 4453; x_wconf 90' lang='lat' dir='ltr'><strong><em>inscripsit</em></strong></span> <span class='ocrx_word' id='word_1_418' title='bbox 1538 4370 1655 4436; x_wconf 90' lang='lat' dir='ltr'><strong><em>librum</em></strong></span> <span class='ocrx_word' id='word_1_419' title='bbox 1673 4371 1713 4435; x_wconf 90' lang='lat' dir='ltr'><strong><em>de</em></strong></span> <span class='ocrx_word' id='word_1_420' title='bbox 1729 4378 1816 4437; x_wconf 89' lang='lat' dir='ltr'><strong><em>statu</em></strong></span> <span class='ocrx_word' id='word_1_421' title='bbox 1833 4373 1971 4454; x_wconf 88' lang='lat' dir='ltr'><strong><em>animae,</em></strong></span> <span class='ocrx_word' id='word_1_422' title='bbox 1995 4375 2109 4460; x_wconf 89' lang='lat' dir='ltr'><strong><em>appel·</em></strong></span> 
     </span>
     <span class='ocr_line' id='line_1_38' title="bbox 455 4470 2110 4563; baseline 0.002 -26"><span class='ocrx_word' id='word_1_423' title='bbox 455 4475 541 4539; x_wconf 88' lang='lat' dir='ltr'><strong><em>latur</em></strong></span> <span class='ocrx_word' id='word_1_424' title='bbox 564 4480 597 4540; x_wconf 90' lang='grc'><strong><em>01</em></strong></span> <span class='ocrx_word' id='word_1_425' title='bbox 619 4475 653 4538; x_wconf 92' lang='lat' dir='ltr'><strong><em>in</em></strong></span> <span class='ocrx_word' id='word_1_426' title='bbox 675 4473 878 4560; x_wconf 84' lang='lat' dir='ltr'><strong><em>praefatione</em></strong></span> <span class='ocrx_word' id='word_1_427' title='bbox 901 4479 934 4536; x_wconf 90' lang='lat' dir='ltr'><strong><em>et</em></strong></span> <span class='ocrx_word' id='word_1_428' title='bbox 963 4473 996 4536; x_wconf 89' lang='lat' dir='ltr'><strong><em>in</em></strong></span> <span class='ocrx_word' id='word_1_429' title='bbox 1015 4473 1122 4558; x_wconf 89' lang='lat' dir='ltr'><strong><em>operis</em></strong></span> <span class='ocrx_word' id='word_1_430' title='bbox 1145 4471 1280 4536; x_wconf 85' lang='lat' dir='ltr'><strong><em>exordio</em></strong></span> <span class='ocrx_word' id='word_1_431' title='bbox 1303 4470 1419 4537; x_wconf 89' lang='lat' dir='ltr'><strong><em>Sollius</em></strong></span> <span class='ocrx_word' id='word_1_432' title='bbox 1438 4471 1599 4551; x_wconf 88' lang='lat' dir='ltr'><strong><em>Sidonius,</em></strong></span> <span class='ocrx_word' id='word_1_433' title='bbox 1622 4473 1740 4540; x_wconf 90' lang='lat' dir='ltr'><strong><em>Sollius</em></strong></span> <span class='ocrx_word' id='word_1_434' title='bbox 1761 4482 1872 4541; x_wconf 88' lang='lat' dir='ltr'><strong><em>autem</em></strong></span> <span class='ocrx_word' id='word_1_435' title='bbox 1895 4478 2019 4563; x_wconf 88' lang='lat' dir='ltr'><strong><em>passim</em></strong></span> <span class='ocrx_word' id='word_1_436' title='bbox 2042 4482 2110 4541; x_wconf 88' lang='lat' dir='ltr'><strong><em>tam</em></strong></span> 
     </span>
     <span class='ocr_line' id='line_1_39' title="bbox 456 4574 2110 4662; baseline 0 -20"><span class='ocrx_word' id='word_1_437' title='bbox 456 4576 496 4642; x_wconf 87' lang='lat' dir='ltr'><strong><em>ab</em></strong></span> <span class='ocrx_word' id='word_1_438' title='bbox 521 4577 593 4641; x_wconf 91' lang='lat' dir='ltr'><strong><em>aliis</em></strong></span> <span class='ocrx_word' id='word_1_439' title='bbox 617 4597 714 4661; x_wconf 87' lang='lat' dir='ltr'><strong><em>quam</em></strong></span> <span class='ocrx_word' id='word_1_440' title='bbox 737 4597 756 4640; x_wconf 88' lang='lat' dir='ltr'><strong><em>a</em></strong></span> <span class='ocrx_word' id='word_1_441' title='bbox 780 4598 815 4641; x_wconf 89' lang='grc'><strong><em>10</em></strong></span> <span class='ocrx_word' id='word_1_442' title='bbox 839 4577 910 4662; x_wconf 91' lang='lat' dir='ltr'><strong><em>ipso</em></strong></span> <span class='ocrx_word' id='word_1_443' title='bbox 933 4574 1000 4660; x_wconf 90' lang='grc'>(15,</span> <span class='ocrx_word' id='word_1_444' title='bbox 1012 4577 1041 4640; x_wconf 88' lang='grc'><strong><em>3.</em></strong></span> <span class='ocrx_word' id='word_1_445' title='bbox 1068 4578 1117 4657; x_wconf 83' lang='lat'><strong><em>19,</em></strong></span> <span class='ocrx_word' id='word_1_446' title='bbox 1132 4578 1181 4642; x_wconf 93' lang='grc'><strong><em>11.</em></strong></span> <span class='ocrx_word' id='word_1_447' title='bbox 1205 4579 1325 4657; x_wconf 76' lang='lat'><strong><em>91,12.</em></strong></span> <span class='ocrx_word' id='word_1_448' title='bbox 1352 4579 1412 4641; x_wconf 83' lang='lat'><strong><em>169</em></strong></span> <span class='ocrx_word' id='word_1_449' title='bbox 1436 4598 1466 4642; x_wconf 86' lang='lat' dir='ltr'><strong><em>v.</em></strong></span> <span class='ocrx_word' id='word_1_450' title='bbox 1487 4579 1535 4642; x_wconf 88' lang='grc'><strong><em>16.</em></strong></span> <span class='ocrx_word' id='word_1_451' title='bbox 1559 4598 1586 4644; x_wconf 89' lang='lat' dir='ltr'><strong><em>e.</em></strong></span> <span class='ocrx_word' id='word_1_452' title='bbox 1602 4577 1731 4657; x_wconf 87' lang='lat' dir='ltr'>XXIII,</span> <span class='ocrx_word' id='word_1_453' title='bbox 1756 4581 1822 4662; x_wconf 79' lang='grc'>28),</span> <span class='ocrx_word' id='word_1_454' title='bbox 1846 4581 1925 4644; x_wconf 90' lang='lat' dir='ltr'><strong><em>item</em></strong></span> <span class='ocrx_word' id='word_1_455' title='bbox 1944 4601 1963 4643; x_wconf 96' lang='lat' dir='ltr'><strong><em>a</em></strong></span> <span class='ocrx_word' id='word_1_456' title='bbox 1979 4579 2110 4644; x_wconf 88' lang='lat' dir='ltr'><strong><em>Ruricio</em></strong></span> 
     </span>
     <span class='ocr_line' id='line_1_40' title="bbox 455 4678 2110 4769; baseline 0.002 -25"><span class='ocrx_word' id='word_1_457' title='bbox 455 4679 487 4744; x_wconf 93' lang='lat' dir='ltr'><strong><em>in</em></strong></span> <span class='ocrx_word' id='word_1_458' title='bbox 517 4680 657 4766; x_wconf 86' lang='lat' dir='ltr'><strong><em>epistula</em></strong></span> <span class='ocrx_word' id='word_1_459' title='bbox 685 4680 707 4746; x_wconf 90' lang='lat' dir='ltr'><strong><em>l.</em></strong></span> <span class='ocrx_word' id='word_1_460' title='bbox 726 4679 761 4743; x_wconf 95' lang='grc' dir='ltr'><strong><em>ΙΙ</em></strong></span> <span class='ocrx_word' id='word_1_461' title='bbox 787 4700 839 4767; x_wconf 90' lang='lat' dir='ltr'><strong><em>ep.</em></strong></span> <span class='ocrx_word' id='word_1_462' title='bbox 856 4682 896 4744; x_wconf 79' lang='lat'><strong><em>26</em></strong></span> <span class='ocrx_word' id='word_1_463' title='bbox 926 4680 971 4765; x_wconf 89' lang='lat' dir='ltr'><strong><em>(p.</em></strong></span> <span class='ocrx_word' id='word_1_464' title='bbox 994 4681 1067 4760; x_wconf 80' lang='lat'><strong><em>332,</em></strong></span> <span class='ocrx_word' id='word_1_465' title='bbox 1084 4681 1138 4762; x_wconf 83' lang='grc'><strong><em>32)</em></strong></span> <span class='ocrx_word' id='word_1_466' title='bbox 1167 4681 1289 4766; x_wconf 88' lang='lat' dir='ltr'><strong><em>scripta</em></strong></span> <span class='ocrx_word' id='word_1_467' title='bbox 1318 4680 1359 4744; x_wconf 87' lang='lat' dir='ltr'><strong><em>ad</em></strong></span> <span class='ocrx_word' id='word_1_468' title='bbox 1386 4680 1489 4744; x_wconf 89' lang='lat' dir='ltr'><strong><em>filium</em></strong></span> <span class='ocrx_word' id='word_1_469' title='bbox 1517 4678 1640 4745; x_wconf 87' lang='lat' dir='ltr'><strong><em>Sidonii</em></strong></span> <span class='ocrx_word' id='word_1_470' title='bbox 1671 4703 1778 4769; x_wconf 91' lang='lat' dir='ltr'><strong><em>neque</em></strong></span> <span class='ocrx_word' id='word_1_471' title='bbox 1811 4682 1904 4747; x_wconf 87' lang='lat' dir='ltr'><strong><em>aliter</em></strong></span> <span class='ocrx_word' id='word_1_472' title='bbox 1938 4684 1979 4748; x_wconf 87' lang='lat' dir='ltr'><strong><em>ab</em></strong></span> <span class='ocrx_word' id='word_1_473' title='bbox 2010 4683 2110 4748; x_wconf 84' lang='lat' dir='ltr'><strong><em>Avito</em></strong></span> 
     </span>
     <span class='ocr_line' id='line_1_41' title="bbox 456 4783 2110 4870; baseline 0 -21"><span class='ocrx_word' id='word_1_474' title='bbox 456 4786 639 4851; x_wconf 89' lang='lat' dir='ltr'><strong><em>Viennensi</em></strong></span> <span class='ocrx_word' id='word_1_475' title='bbox 669 4807 719 4870; x_wconf 91' lang='lat' dir='ltr'><strong><em>ep.</em></strong></span> <span class='ocrx_word' id='word_1_476' title='bbox 741 4788 778 4848; x_wconf 97' lang='grc'><strong><em>51</em></strong></span> <span class='ocrx_word' id='word_1_477' title='bbox 797 4784 868 4870; x_wconf 87' lang='grc'>(45)</span> <span class='ocrx_word' id='word_1_478' title='bbox 897 4791 931 4848; x_wconf 87' lang='grc'><strong><em>01</em></strong></span> <span class='ocrx_word' id='word_1_479' title='bbox 958 4807 978 4848; x_wconf 92' lang='lat' dir='ltr'><strong><em>a</em></strong></span> <span class='ocrx_word' id='word_1_480' title='bbox 1006 4783 1163 4868; x_wconf 85' lang='lat' dir='ltr'><strong><em>Gregorio</em></strong></span> <span class='ocrx_word' id='word_1_481' title='bbox 1191 4784 1374 4849; x_wconf 84' lang='lat' dir='ltr'><strong><em>Turonensi</em></strong></span> <span class='ocrx_word' id='word_1_482' title='bbox 1403 4783 1494 4868; x_wconf 84' lang='lat' dir='ltr'><strong><em>(bist.</em></strong></span> <span class='ocrx_word' id='word_1_483' title='bbox 1518 4784 1572 4851; x_wconf 83' lang='lat' dir='ltr'><strong><em>Fr.</em></strong></span> <span class='ocrx_word' id='word_1_484' title='bbox 1589 4791 1619 4866; x_wconf 83' lang='grc'><strong><em>1,</em></strong></span> <span class='ocrx_word' id='word_1_485' title='bbox 1639 4788 1678 4849; x_wconf 79' lang='grc'><strong><em>12</em></strong></span> <span class='ocrx_word' id='word_1_486' title='bbox 1706 4792 1739 4850; x_wconf 91' lang='grc'><strong><em>01</em></strong></span> <span class='ocrx_word' id='word_1_487' title='bbox 1769 4784 1803 4849; x_wconf 92' lang='lat' dir='ltr'><strong><em>in</em></strong></span> <span class='ocrx_word' id='word_1_488' title='bbox 1837 4785 1947 4850; x_wconf 89' lang='lat' dir='ltr'><strong><em>libello</em></strong></span> <span class='ocrx_word' id='word_1_489' title='bbox 1977 4786 2017 4849; x_wconf 90' lang='lat' dir='ltr'><strong><em>de</em></strong></span> <span class='ocrx_word' id='word_1_490' title='bbox 2044 4787 2110 4849; x_wconf 86' lang='lat' dir='ltr'><strong><em>vir-</em></strong></span> 
     </span>
     <span class='ocr_line' id='line_1_42' title="bbox 455 4887 2111 4976; baseline 0.001 -24"><span class='ocrx_word' id='word_1_491' title='bbox 455 4889 580 4952; x_wconf 88' lang='lat' dir='ltr'><strong><em>tutibus</em></strong></span> <span class='ocrx_word' id='word_1_492' title='bbox 603 4889 708 4952; x_wconf 89' lang='lat' dir='ltr'><strong><em>sancti</em></strong></span> <span class='ocrx_word' id='word_1_493' title='bbox 729 4888 849 4952; x_wconf 91' lang='lat' dir='ltr'><strong><em>Iuliani</em></strong></span> <span class='ocrx_word' id='word_1_494' title='bbox 872 4909 898 4954; x_wconf 92' lang='lat' dir='ltr'><strong><em>c.</em></strong></span> <span class='ocrx_word' id='word_1_495' title='bbox 920 4889 952 4973; x_wconf 82' lang='lat'><strong><em>2)</em></strong></span> <span class='ocrx_word' id='word_1_496' title='bbox 977 4887 1095 4953; x_wconf 90' lang='lat' dir='ltr'><strong><em>Sollius</em></strong></span> <span class='ocrx_word' id='word_1_497' title='bbox 1115 4893 1228 4952; x_wconf 90' lang='lat' dir='ltr'><strong><em>noster.</em></strong></span> <span class='ocrx_word' id='word_1_498' title='bbox 1275 4887 1374 4974; x_wconf 83' lang='lat' dir='ltr'><strong><em>Signo</em></strong></span> <span class='ocrx_word' id='word_1_499' title='bbox 1398 4889 1465 4952; x_wconf 88' lang='lat' dir='ltr'><strong><em>solo</em></strong></span> <span class='ocrx_word' id='word_1_500' title='bbox 1490 4894 1522 4953; x_wconf 90' lang='lat' dir='ltr'><strong><em>et</em></strong></span> <span class='ocrx_word' id='word_1_501' title='bbox 1545 4889 1578 4953; x_wconf 93' lang='lat' dir='ltr'><strong><em>in</em></strong></span> <span class='ocrx_word' id='word_1_502' title='bbox 1601 4890 1814 4976; x_wconf 87' lang='lat' dir='ltr'><strong><em>epistularum</em></strong></span> <span class='ocrx_word' id='word_1_503' title='bbox 1845 4889 2111 4976; x_wconf 89' lang='lat' dir='ltr'><strong><em>inscriptionibus</em></strong></span> 
     </span>
     <span class='ocr_line' id='line_1_43' title="bbox 456 4990 2110 5078; baseline -0.001 -22"><span class='ocrx_word' id='word_1_504' title='bbox 456 4993 556 5056; x_wconf 87' lang='lat' dir='ltr'><strong><em>utitur</em></strong></span> <span class='ocrx_word' id='word_1_505' title='bbox 586 4997 620 5056; x_wconf 90' lang='lat' dir='ltr'><strong><em>et</em></strong></span> <span class='ocrx_word' id='word_1_506' title='bbox 642 4993 827 5078; x_wconf 86' lang='lat' dir='ltr'><strong><em>appellatur</em></strong></span> <span class='ocrx_word' id='word_1_507' title='bbox 859 5013 899 5056; x_wconf 94' lang='lat' dir='ltr'><strong><em>eo</em></strong></span> <span class='ocrx_word' id='word_1_508' title='bbox 924 4993 1039 5072; x_wconf 88' lang='grc'>53,15.</span> <span class='ocrx_word' id='word_1_509' title='bbox 1073 4996 1209 5074; x_wconf 87' lang='grc'>115,11.</span> <span class='ocrx_word' id='word_1_510' title='bbox 1234 5015 1261 5057; x_wconf 89' lang='grc'>0.</span> <span class='ocrx_word' id='word_1_511' title='bbox 1278 4992 1356 5071; x_wconf 86' lang='grc' dir='ltr'><strong><em>ΧΠ,</em></strong></span> <span class='ocrx_word' id='word_1_512' title='bbox 1374 4996 1424 5073; x_wconf 79' lang='lat'><strong><em>25,</em></strong></span> <span class='ocrx_word' id='word_1_513' title='bbox 1449 4999 1482 5057; x_wconf 91' lang='lat' dir='ltr'><strong><em>et</em></strong></span> <span class='ocrx_word' id='word_1_514' title='bbox 1505 4993 1552 5057; x_wconf 90' lang='lat' dir='ltr'><strong><em>ita</em></strong></span> <span class='ocrx_word' id='word_1_515' title='bbox 1575 4993 1693 5057; x_wconf 89' lang='lat' dir='ltr'><strong><em>dicitur</em></strong></span> <span class='ocrx_word' id='word_1_516' title='bbox 1715 4993 1756 5056; x_wconf 91' lang='lat' dir='ltr'><strong><em>ab</em></strong></span> <span class='ocrx_word' id='word_1_517' title='bbox 1780 4990 1897 5056; x_wconf 88' lang='lat' dir='ltr'><strong><em>iisdem</em></strong></span> <span class='ocrx_word' id='word_1_518' title='bbox 1919 4993 2054 5056; x_wconf 87' lang='lat' dir='ltr'><strong><em>Ruricio</em></strong></span> <span class='ocrx_word' id='word_1_519' title='bbox 2077 4992 2110 5056; x_wconf 90' lang='lat' dir='ltr'><strong><em>in</em></strong></span> 
     </span>
     <span class='ocr_line' id='line_1_44' title="bbox 457 5094 2111 5183; baseline -0.001 -24"><span class='ocrx_word' id='word_1_520' title='bbox 457 5095 604 5181; x_wconf 88' lang='lat' dir='ltr'><strong><em>epistulis</em></strong></span> <span class='ocrx_word' id='word_1_521' title='bbox 620 5095 661 5160; x_wconf 88' lang='lat' dir='ltr'><strong><em>ad</em></strong></span> <span class='ocrx_word' id='word_1_522' title='bbox 678 5097 784 5182; x_wconf 88' lang='lat' dir='ltr'><strong><em>ipsum</em></strong></span> <span class='ocrx_word' id='word_1_523' title='bbox 801 5095 885 5160; x_wconf 87' lang='lat' dir='ltr'><strong><em>datis</em></strong></span> <span class='ocrx_word' id='word_1_524' title='bbox 910 5097 931 5162; x_wconf 86' lang='grc'><strong><em>1.</em></strong></span> <span class='ocrx_word' id='word_1_525' title='bbox 947 5095 973 5176; x_wconf 88' lang='grc' dir='ltr'><strong><em>Ι,</em></strong></span> <span class='ocrx_word' id='word_1_526' title='bbox 998 5117 1050 5183; x_wconf 89' lang='lat' dir='ltr'><strong><em>op.</em></strong></span> <span class='ocrx_word' id='word_1_527' title='bbox 1067 5097 1096 5160; x_wconf 88' lang='lat'><strong><em>8.</em></strong></span> <span class='ocrx_word' id='word_1_528' title='bbox 1114 5100 1144 5162; x_wconf 87' lang='grc'><strong><em>9.</em></strong></span> <span class='ocrx_word' id='word_1_529' title='bbox 1164 5098 1202 5159; x_wconf 86' lang='grc'><strong><em>16</em></strong></span> <span class='ocrx_word' id='word_1_530' title='bbox 1223 5103 1256 5161; x_wconf 89' lang='grc'><strong><em>01</em></strong></span> <span class='ocrx_word' id='word_1_531' title='bbox 1272 5097 1313 5161; x_wconf 91' lang='lat' dir='ltr'><strong><em>ab</em></strong></span> <span class='ocrx_word' id='word_1_532' title='bbox 1330 5096 1428 5160; x_wconf 88' lang='lat' dir='ltr'><strong><em>Avito</em></strong></span> <span class='ocrx_word' id='word_1_533' title='bbox 1447 5117 1498 5182; x_wconf 89' lang='lat' dir='ltr'><strong><em>ep.</em></strong></span> <span class='ocrx_word' id='word_1_534' title='bbox 1515 5099 1555 5161; x_wconf 85' lang='grc'><strong><em>13</em></strong></span> <span class='ocrx_word' id='word_1_535' title='bbox 1573 5097 1653 5182; x_wconf 86' lang='grc'>(38).</span> <span class='ocrx_word' id='word_1_536' title='bbox 1678 5100 1713 5158; x_wconf 92' lang='grc'><strong><em>51</em></strong></span> <span class='ocrx_word' id='word_1_537' title='bbox 1736 5094 1805 5180; x_wconf 89' lang='grc'>(45)</span> <span class='ocrx_word' id='word_1_538' title='bbox 1828 5097 1971 5181; x_wconf 89' lang='lat' dir='ltr'><strong><em>itemque</em></strong></span> <span class='ocrx_word' id='word_1_539' title='bbox 1988 5096 2111 5181; x_wconf 89' lang='lat' dir='ltr'><strong><em>passim</em></strong></span> 
     </span>
    </p>
   </div>
   <div class='ocr_carea' id='block_1_4' title="bbox 457 5197 2226 5287">
    <p class='ocr_par' dir='ltr' id='par_1_4' title="bbox 457 5197 2226 5287">
     <span class='ocr_line' id='line_1_45' title="bbox 457 5197 2226 5287; baseline -0.001 -23"><span class='ocrx_word' id='word_1_540' title='bbox 457 5197 652 5284; x_wconf 83' lang='lat' dir='ltr'><strong><em>aGregorio</em></strong></span> <span class='ocrx_word' id='word_1_541' title='bbox 670 5199 863 5265; x_wconf 85' lang='lat' dir='ltr'><strong><em>Turonensi.</em></strong></span> <span class='ocrx_word' id='word_1_542' title='bbox 888 5236 928 5246; x_wconf 87' lang='lat'><em>-</em></span> <span class='ocrx_word' id='word_1_543' title='bbox 952 5199 1159 5265; x_wconf 88' lang='lat' dir='ltr'><strong><em>Praenomen</em></strong></span> <span class='ocrx_word' id='word_1_544' title='bbox 1180 5201 1280 5283; x_wconf 85' lang='lat' dir='ltr'><strong><em>igitur</em></strong></span> <span class='ocrx_word' id='word_1_545' title='bbox 1303 5207 1475 5266; x_wconf 84' lang='lat' dir='ltr'><strong><em>servarunt</em></strong></span> <span class='ocrx_word' id='word_1_546' title='bbox 1499 5201 1713 5287; x_wconf 88' lang='lat' dir='ltr'><strong><em>epistularum</em></strong></span> <span class='ocrx_word' id='word_1_547' title='bbox 1737 5199 1936 5286; x_wconf 87' lang='lat' dir='ltr'><strong><em>subscriptio</em></strong></span> <span class='ocrx_word' id='word_1_548' title='bbox 1960 5205 1993 5264; x_wconf 90' lang='grc'><strong><em>01</em></strong></span> <span class='ocrx_word' id='word_1_549' title='bbox 2016 5197 2112 5263; x_wconf 83' lang='lat' dir='ltr'><strong><em>Olau—</em></strong></span> <span class='ocrx_word' id='word_1_550' title='bbox 2225 5247 2226 5250; x_wconf 21' lang='lat'>¹</span> 
     </span>
    </p>
   </div>
   <div class='ocr_carea' id='block_1_5' title="bbox 456 5302 2111 5596">
    <p class='ocr_par' dir='ltr' id='par_1_5' title="bbox 456 5302 2111 5596">
     <span class='ocr_line' id='line_1_46' title="bbox 457 5302 2111 5390; baseline -0.001 -23"><span class='ocrx_word' id='word_1_551' title='bbox 457 5303 589 5380; x_wconf 84' lang='lat' dir='ltr'><strong><em>dianus,</em></strong></span> <span class='ocrx_word' id='word_1_552' title='bbox 620 5324 803 5387; x_wconf 90' lang='lat' dir='ltr'><strong><em>cognomen</em></strong></span> <span class='ocrx_word' id='word_1_553' title='bbox 832 5303 976 5368; x_wconf 87' lang='lat' dir='ltr'><strong><em>Modesti</em></strong></span> <span class='ocrx_word' id='word_1_554' title='bbox 1006 5305 1076 5369; x_wconf 88' lang='lat' dir='ltr'><strong><em>sola</em></strong></span> <span class='ocrx_word' id='word_1_555' title='bbox 1107 5305 1303 5390; x_wconf 90' lang='lat' dir='ltr'><strong><em>subscriptio</em></strong></span> <span class='ocrx_word' id='word_1_556' title='bbox 1335 5304 1540 5390; x_wconf 80' lang='lat' dir='ltr'><strong><em>panegyrici3</em></strong></span> <span class='ocrx_word' id='word_1_557' title='bbox 1574 5325 1680 5388; x_wconf 89' lang='lat' dir='ltr'><strong><em>neque</em></strong></span> <span class='ocrx_word' id='word_1_558' title='bbox 1712 5304 1798 5368; x_wconf 92' lang='lat' dir='ltr'><strong><em>enim</em></strong></span> <span class='ocrx_word' id='word_1_559' title='bbox 1828 5302 1962 5367; x_wconf 91' lang='lat' dir='ltr'><strong><em>dubium</em></strong></span> <span class='ocrx_word' id='word_1_560' title='bbox 1996 5307 2047 5367; x_wconf 88' lang='lat' dir='ltr'><strong><em>ast</em></strong></span> <span class='ocrx_word' id='word_1_561' title='bbox 2078 5303 2111 5366; x_wconf 93' lang='lat' dir='ltr'><strong><em>in</em></strong></span> 
     </span>
     <span class='ocr_line' id='line_1_47' title="bbox 456 5404 2111 5494; baseline -0.002 -23"><span class='ocrx_word' id='word_1_562' title='bbox 456 5407 572 5472; x_wconf 91' lang='lat' dir='ltr'><strong><em>librum</em></strong></span> <span class='ocrx_word' id='word_1_563' title='bbox 593 5404 626 5482; x_wconf 81' lang='lat' dir='ltr'><strong><em>O,</em></strong></span> <span class='ocrx_word' id='word_1_564' title='bbox 650 5407 705 5491; x_wconf 92' lang='lat' dir='ltr'><strong><em>qui</em></strong></span> <span class='ocrx_word' id='word_1_565' title='bbox 730 5408 808 5471; x_wconf 88' lang='lat' dir='ltr'><strong><em>item</em></strong></span> <span class='ocrx_word' id='word_1_566' title='bbox 832 5407 864 5470; x_wconf 91' lang='lat' dir='ltr'><strong><em>in</em></strong></span> <span class='ocrx_word' id='word_1_567' title='bbox 887 5407 1100 5493; x_wconf 90' lang='lat' dir='ltr'><strong><em>epistularum</em></strong></span> <span class='ocrx_word' id='word_1_568' title='bbox 1124 5408 1363 5494; x_wconf 89' lang='lat' dir='ltr'><strong><em>subscriptione</em></strong></span> <span class='ocrx_word' id='word_1_569' title='bbox 1386 5407 1418 5471; x_wconf 92' lang='lat' dir='ltr'><strong><em>id</em></strong></span> <span class='ocrx_word' id='word_1_570' title='bbox 1442 5413 1518 5472; x_wconf 88' lang='lat' dir='ltr'><strong><em>ante</em></strong></span> <span class='ocrx_word' id='word_1_571' title='bbox 1533 5407 1733 5492; x_wconf 83' lang='lat' dir='ltr'><strong><em>Apollinaris</em></strong></span> <span class='ocrx_word' id='word_1_572' title='bbox 1757 5406 1917 5470; x_wconf 88' lang='lat' dir='ltr'><strong><em>collocare</em></strong></span> <span class='ocrx_word' id='word_1_573' title='bbox 1942 5406 2037 5487; x_wconf 88' lang='lat' dir='ltr'><strong><em>solet,</em></strong></span> <span class='ocrx_word' id='word_1_574' title='bbox 2061 5407 2111 5470; x_wconf 92' lang='lat' dir='ltr'><strong><em>in-</em></strong></span> 
     </span>
     <span class='ocr_line' id='line_1_48' title="bbox 456 5508 940 5596; baseline 0.014 -25"><span class='ocrx_word' id='word_1_575' title='bbox 456 5508 556 5572; x_wconf 89' lang='lat' dir='ltr'><strong><em>latum</em></strong></span> <span class='ocrx_word' id='word_1_576' title='bbox 581 5529 654 5573; x_wconf 87' lang='lat' dir='ltr'><strong><em>esse</em></strong></span> <span class='ocrx_word' id='word_1_577' title='bbox 677 5509 940 5596; x_wconf 88' lang='lat' dir='ltr'><strong><em>interpolatione.</em></strong></span> 
     </span>
    </p>
   </div>
   <div class='ocr_carea' id='block_1_6' title="bbox 0 0 2389 6436">
    <p class='ocr_par' dir='ltr' id='par_1_6' title="bbox 0 0 2389 6436">
     <span class='ocr_line' id='line_1_49' title="bbox 0 0 2389 6436; baseline 0 0"><span class='ocrx_word' id='word_1_578' title='bbox 0 0 2389 6436; x_wconf 95' lang='lat' dir='ltr'><strong><em> </em></strong></span> 
     </span>
    </p>
   </div>
  </div>
 </body>
</html>
