4568 6450
911 423 960 478 ΕΤ
980 422 1230 480 LOGUTIONUM.
1836 427 1898 490 467

279 598 371 653 medio
385 597 523 668 episcopo,
542 596 610 665 quia
623 597 710 652 lector
723 597 829 660 105‚33;
848 596 958 651 litteras
970 614 1046 652 meas

278 685 314 738 ad
337 685 474 740 formatae
500 683 602 747 vicem,
632 682 740 738 scilicet
761 686 794 737 ut
816 683 917 746 lector,
949 683 1048 739 elicuit

245 857 394 912 lecturire:
413 873 483 927 opus
502 851 545 911 est
561 859 594 910 ut
612 856 672 910 sine
685 843 910 910 dissimulatione
928 856 1046 923 lectites,

279 945 340 999 sine
366 945 421 998 fine
449 943 580 998 lecturias
607 943 681 1006 a4,5;
709 959 881 1013 quamquam
911 941 1047 998 incitatus

279 1031 365 1087 semel
376 1031 487 1086 animm
500 1029 619 1085 necdum
631 1029 794 1098 scripturire
807 1028 947 1084 desineret
958 1030 1046 1094 125,3;

280 1136 343 1173 cum
373 1118 474 1172 merito
505 1115 698 1170 lecturiremus
721 1117 797 1180 loon
820 1115 853 1182 cf.
876 1115 1047 1184 scripturire,

245 1205 435 1361 legtaabiitsuznitea
453 1289 582 1344 vinxerat
599 1305 694 1344 omnes
712 1289 801 1360 legati
816 1289 916 1360 genius
929 1288 956 1344 0.
970 1289 1047 1343 1179.

1101 596 1210 667 [loquis
1228 597 1409 652 manifestum
1427 597 1569 653 hominem
1587 597 1762 652 demonstrat
1780 611 1901 658 umerus,

1135 685 1270 739 latentem
1294 684 1377 738 deum
1403 684 1529 754 loquitur
1546 683 1721 755 principatus
1745 683 1775 738 F.
1792 682 1901 747 281,23;

1133 772 1223 839 dapes
1239 769 1408 826 suadendam
1424 777 1462 825 est
1479 771 1508 826 F.
1527 771 1626 838 2985:
1645 771 1694 840 qui
1706 770 1901 840 incorporeum

1135 875 1198 912 eum
1217 858 1370 928 (procum)
1394 857 1533 926 loquitur,
1557 857 1642 912 etiam
1666 855 1902 927 incomprehensi-

1135 944 1246 998 sibilem
1264 944 1433 1014 confitetur].

1100 1031 1196 1085 lucta:
1215 1031 1410 1101 palaestritae,
1429 1046 1548 1099 qnorum
1567 1031 1656 1085 luctas
1674 1028 1903 1101 gymnasiarcho·

1135 1134 1196 1171 rum
1224 1117 1305 1187 virge
1330 1117 1460 1171 dissolvit
1487 1117 1579 1182 23,22;
1609 1120 1638 1172 te
1664 1116 1799 1172 ambisset
1825 1117 1903 1171 luctu

1136 1204 1274 1258 Achelous
1293 1204 1321 1259 C.
1339 1204 1430 1258 11187.

1101 1290 1325 1346 ludificabundus
1343 1291 1429 1354 1213.

244 1375 363 1446 legifer:
382 1374 491 1445 legiferi
504 1375 598 1430 fratris
611 1375 710 1430 dextra
724 1377 811 1440 116,5;
830 1374 965 1445 quicquid
978 1374 1048 1444 legi·
1074 1355 1076 1426 l
1103 1378 1259 1449 [luminam
1282 1377 1311 1430 in
1330 1377 1433 1432 Christi
1457 1375 1609 1431 luminaria
1626 1373 1808 1446 praeferendo
1826 1373 1903 1429 Caes.

279 1464 337 1518 fero
360 1461 479 1532 proiecit
500 1462 602 1532 Sparta
625 1462 753 1532 Lycurgo
771 1463 799 1517 G.
819 1462 920 1524 1116&
947 1460 1048 1515 Chilon

1134 1464 1233 1534 ersa.

281 1549 398 1620 legifeffl
416 1548 492 1620 Ρῐὶθῐ
511 1549 639 1620 LXCUYHO
658 1549 686 1604 0·
706 1549 799 1603 XXIII
810 1549 861 1603 110
878 1547 924 1614 (q‘.
943 1547 1047 1600 Ami·
1101 1559 1188 1614 luna:
1207 1559 1334 1613 albentes
1357 1558 1439 1628 nigro
1466 1557 1518 1612 sub
1536 1559 1653 1628 gutture
1671 1557 1718 1622 (ac.
1737 1555 1804 1623 auls)
1822 1555 1903 1608 lunas

280 1636 354 1705 epist.
375 1635 438 1690 XX
448 1640 500 1704 72).

1135 1647 1263 1717 tangere
1282 1645 1365 1700 ludus
1382 1647 1444 1700 erat
1461 1645 1490 1700 G.
1507 1644 1560 1698 VII
1575 1645 1632 1698 191.

245 1723 364 1778 lemmsti
377 1739 461 1790 quam
473 1720 528 1776 libi
542 1721 579 1776 ⁸st
592 1721 803 1792 epigrammatis
813 1721 935 1791 111111ἰωῇ
946 1719 1048 1774 lemma
1100 1743 1179 1796 lisura
1195 1743 1227 1795 io
1244 1741 1328 1796 serbis
1345 1740 1425 1794 celati
1443 1740 1472 1794 in
1491 1738 1609 1794 concilio
1632 1737 1712 1792 iubet
1735 1737 1765 1790 in
1788 1735 1904 1790 consilio

281 1809 452 1880 placiturum
471 1807 573 1874 135,14.

246 1896 503 1951 lenocinamentum
523 1896 607 1960 1152.

246 1983 378 2038 lentare:
404 1982 543 2038 lentatum
565 1998 615 2052 per
638 1981 762 2036 culmina
784 1984 846 2037 tota
869 1997 999 2050 vaporem
1020 1979 1048 2034 C.

281 2069 360 2124 XXII
370 2071 429 2124 191.
723 2099 727 2108 ·

247 2157 346 2212 levites
368 2157 452 2221 loqu
476 2157 560 2218 1523.
580 2183 611 2195 -
631 2153 932 2209 leviticus21eviticae
954 2153 1049 2225 digni·

282 2244 337 2298 tati
355 2243 426 2306 18,6;
445 2241 553 2296 levitici
572 2240 678 2296 ordinis
697 2241 800 2307 100,14.

245 2329 404 2385 libellaris:
421 2328 550 2382 libellare
568 2345 638 2397 opus
656 2327 790 2382 conficere
810 2327 893 2393 1617.

246 2415 379 2472 libitina:
398 2432 461 2469 cum
479 2413 623 2468 libitinam
641 2413 730 2484 ipsam
748 2414 847 2468 flentes
859 2429 954 2468 omnes
967 2429 1049 2483 pren-

281 2504 401 2559 aitarent
417 2502 503 2570 2936.

247 2590 338 2661 ligula
356 2588 467 2644 aurium
485 2589 546 2651 220
564 2587 671 2658 (lugula
690 2585 785 2653 codd).
846 2639 851 2648 ,

247 2677 327 2732 limes
340 2695 346 2730 ι
365 2675 488 2730 Danuvii
506 2674 583 2743 ripas
601 2675 630 2727 et
645 2674 766 2727 tractum
784 2671 883 2727 limitis
896 2671 984 2742 ampli
997 2671 1048 2727 cir·

283 2763 344 2818 cuit
361 2761 390 2817 O.
409 2761 497 2816 11200
513 2761 549 2826 cf.
567 2761 654 2824 tall.
673 2760 773 2824 14331.
792 2759 822 2815 Ο.
841 2760 963 2814 V11342.

248 2851 404 2905 linteatus:
423 2847 498 2901 inter
516 2849 685 2916 purpuratos
702 2847 854 2902 linteatum
873 2847 975 2910 lauit.

248 2935 341 2990 lintris
359 2951 427 2988 nom.
445 2934 532 3002 eirea:
553 2933 687 3001 Hercynii
704 2934 826 2988 nemoris
844 2934 867 2987 si
884 2933 983 3003 stipite
995 2932 1049 2986 lin-

282 3021 333 3077 tris
351 3023 430 3075 texta
448 3020 626 3074 Nabataeum
648 3036 698 3089 pro
716 3021 814 3075 Rheno
834 3020 924 3074 sulcat
941 3019 1049 3087 Hydas·

282 3125 337 3178 pen
355 3107 384 3162 C.
403 3107 489 3161 V283
507 3108 541 3172 cf.
559 3112 641 3176 genet.
661 3107 796 3175 lyntrium
818 3107 866 3174 (aio
883 3106 922 3176 L)
941 3107 1009 3170 7,13,
1026 3122 1049 3158 c.

277 3195 364 3264 praes.
378 3211 408 3262 p.
429 3192 546 3247 XXIX.

247 3282 367 3337 litania:
386 3279 522 3334 incedunt
539 3279 704 3334 castorinati
722 3279 760 3333 ad
777 3278 893 3334 litanias
910 3281 998 3344 8223.

248 3369 372 3440 [litterae
398 3367 551 3420 omissum:
579 3366 678 3420 harum
704 3368 800 3420 autem
826 3366 991 3437 portitorem
1020 3366 1049 3420 Ρ.

281 3452 389 3518 270,37;
412 3452 480 3507 addc
492 3453 525 3508 V.
538 3453 641 3518 ellat.
668 3453 701 3506 a.
714 3452 816 3516 32735.
829 3454 933 3518 33621.
946 3454 1049 3516 atala.

281 3539 385 3604 34535.
403 3540 516 3608 34925]Ι

247 3626 363 3681 liturare
382 3627 426 3693 (=
445 3627 530 3680 lituro
546 3624 639 3692 delere)
661 3626 760 3689 15223.

249 3713 358 3785 [localis
376 3712 405 3766 F.
424 3712 527 3776 279,10.
545 3713 632 3776 295,st
645 3713 729 3766 1214
746 3717 790 3766 dc.
818 3743 849 3752 -
873 3713 1001 3768 localiter
1020 3713 1049 3767 F.

282 3799 397 3868 295381.
798 3845 800 3850 .

247 3887 414 3943 locaticius:
433 3883 566 3940 locaticia
583 3883 752 3956 fatigatione
771 3887 949 3957 cognoscitur
963 3888 1049 3952 aaa.

247 3974 390 4044 logicum:
410 3972 516 4042 primm
534 3974 563 4026 et
582 3989 653 4026 unns
669 3972 785 4042 physica
803 3974 847 4028 vel
860 3974 960 4043 logico,
979 3973 1051 4044 logi·

282 4077 344 4115 oum
364 4060 409 4114 vel
427 4059 523 4130 iungit
540 4057 576 4112 ed
594 4060 674 4114 ethos
693 4060 721 4114 Ο.
740 4060 790 4114 XV
801 4062 860 4114 101.

248 4147 344 4215 lonpae
366 4146 467 4199 voculas
489 4147 521 4198 ia
542 4147 661 4215 musta,
689 4163 757 4215 queue
780 4163 837 4200 noa
859 4147 1051 4214 suat'fiaolea

284 4236 435 4298 wneptuc:
453 4231 485 4296 cs.
503 4233 688 4301 Aquitanicis,
707 4234 867 4304 ctesiphon,
886 4231 971 4298 Dirii,
991 4233 1051 4286 dia·

284 4319 385 4381 stema,
407 4317 563 4387 gedmetra,
582 4319 727 4386 mathesis,
747 4321 867 4382 Ninum,
886 4319 1051 4389 phonascus,

285 4404 472 4474 sapphlratus,
491 4403 613 4458 Ticinus,

251 4490 429 4561 longaevitas
447 4489 515 4554 17,5.

250 4579 358 4647 longe:
382 4579 493 4647 praeter
516 4575 729 4645 conscientiam,
757 4596 830 4647 quae
851 4579 971 4634 interius
998 4579 1051 4634 tibi

285 4665 370 4734 longe
382 4662 571 4734 praestantior
583 4663 806 4732 eminentiorque
825 4666 898 4728 39,8;
918 4668 950 4719 ut
968 4666 1052 4734 longe

285 4750 445 4806 inferiorem
469 4749 551 4804 decet
573 4751 662 4816 145,6;
691 4751 776 4820 longe
799 4751 884 4805 altior
908 4751 998 4804 amnis
1023 4751 1052 4806 C.

284 4837 364 4892 XXII
375 4838 437 4900 184;
455 4854 481 4892 v.
500 4836 629 4891 multum.

251 4933 450 5003 longiuscule:
473 4931 649 5002 longiuscule
674 4949 718 4988 me
741 4933 872 5004 progredi
895 4951 973 4988 arnor
1001 4934 1053 4987 im·

285 5021 361 5092 pulit
378 5020 463 5084 143‚3.

251 5118 387 5186 longum:
406 5115 438 5168 ds
455 5115 510 5168 loco
522 5114 631 5178 fluvius,
651 5115 699 5184 qui
781 5131 911 5186 spumoso
930 5114 1054 5171 senescit

285 5203 409 5274 impulsu
440 5205 469 5257 et
491 5219 542 5257 nee
566 5201 682 5272 longum
705 5202 826 5272 scopulis
850 5202 1053 5272 praecipitibus

286 5293 432 5361 exemptus
450 5291 513 5344 lacn
531 5287 662 5343 conditur
679 5290 769 5354 26‚10;
793 5290 908 5360 longum
928 5288 981 5343 tibi
1000 5289 1052 5344 etsi

286 5378 351 5432 sede
370 5375 610 5438 absumus53,12;
629 5373 661 5429 de
679 5380 790 5444 tempore
807 5377 917 5447 gratiae
937 5376 1052 5446 longum

287 5463 340 5518 tibi
353 5463 554 5518 redhibeantur
565 5479 650 5531 quam
663 5462 846 5519 fundamenta
858 5467 917 5518 tam
930 5463 1053 5518 culmina

286 5551 358 5614 41,3;
377 5551 492 5620 longum
508 5548 640 5604 alitteris
652 5551 817 5620 temperatis
829 5551 920 5615 44,24;
937 5551 1053 5620 longum

287 5637 437 5703 taciturus,
455 5639 488 5691 ut
506 5637 610 5691 discam
629 5637 735 5700 leals
758 5637 874 5708 longum
892 5641 984 5693 tacere
1002 5655 1052 5693 nos

286 5723 317 5779 in
335 5741 481 5782 commune
499 5724 650 5796 dequestus
669 5740 698 5780 es
717 5724 802 5790 156,5.

1136 1829 1321 1893 tacet21,15;
1347 1843 1429 1882 nemo
1444 1826 1558 1893 ,saeculo
1581 1840 1643 1880 meo
1662 1839 1735 1893 quae
1752 1821 1844 1878 voluit
1862 1822 1904 1876 al·

1136 1915 1245 1969 firmare
1267 1914 1307 1968 sic
1334 1913 1428 1968 valuit
1452 1913 1542 1981 55,20;
1571 1911 1623 1967 etsi
1646 1909 1769 1965 nondum
1794 1908 1905 1964 terebat

1137 2002 1243 2064 labore,
1267 1999 1324 2054 iam
1343 2003 1438 2055 tanim
1456 1999 1652 2068 expectatione
1670 1995 1795 2052 terrebat
1813 1997 1904 2065 aaa&

1136 2105 1193 2143 non
1222 2090 1314 2141 taetra
1342 2087 1391 2142 sed
1419 2085 1520 2141 tetrica
1545 2086 1617 2149 61.8;
1654 2082 1794 2153 suspicere
1820 2097 1906 2150 quam

1137 2173 1276 2243 suscipere
1295 2173 1383 2238 12,24;
1407 2173 1484 2228 facta
1507 2171 1611 2227 ducum
1633 2173 1718 2240 pacta
1736 2170 1903 2240 regnantum

1137 2260 1210 2326 7333
1230 2277 1293 2314 mea
1310 2258 1425 2328 quidem
1443 2276 1510 2314 voce
1529 2258 1577 2314 sed
1595 2257 1656 2313 vice
1674 2259 1725 2312 tua
1741 2257 1814 2324 74‚1;
1840 2271 1905 2309 con·

1137 2348 1234 2403 soleris
1247 2388 1253 2401 .
1264 2387 1270 2400 .
1283 2388 1288 2402 .
1302 2345 1456 2400 consularis
1465 2346 1539 2412 94,o;
1552 2345 1680 2401 hostibus
1693 2385 1699 2400 .
1710 2383 1733 2398 ..
1746 2340 1905 2412 hospitibus

1137 2435 1231 2500 111,28
1243 2434 1278 2499 of.
1293 2433 1400 2498 118‚24;
1419 2431 1494 2486 inter
1512 2433 1649 2502 perfectos
1662 2429 1766 2486 Christi
1831 2428 1906 2482 inter

1137 2519 1292 2591 praefectos
1311 2518 1506 2574 Valentiniani
1520 2520 1608 2584 119,5;
1628 2534 1687 2572 rem
1699 2516 1743 2570 tui
1762 2517 1791 2570 et
1803 2513 1906 2570 amoris

1138 2614 1167 2662 et
1190 2606 1275 2662 moris
1300 2605 1405 2669 1222&
1433 2621 1489 2659 non
1513 2607 1572 2659 tam
1596 2605 1675 2659 sonte
1701 2619 1787 2673 quam
1814 2601 1905 2657 fronte

1139 2695 1224 2758 128,4;
1252 2709 1334 2762 quem
1359 2691 1462 2746 debeat
1485 2707 1542 2745 non
1565 2692 1625 2744 tam
1647 2689 1784 2746 honorare
1807 2705 1905 2744 censor

1136 2798 1222 2850 quam
1235 2777 1355 2834 censitor
1366 2779 1503 2847 (censetor
1514 2777 1549 2845 L,
1566 2792 1660 2830 censes
1674 2775 1703 2844 Ο,
1722 2792 1836 2830 censens
1848 2777 1905 2843 cst.)

1137 2883 1252 2922 onerare
1264 2865 1370 2932 134‚24;
1389 2864 1492 2918 flunsen
1511 2863 1542 2917 in
1554 2862 1646 2918 verbis
1658 2863 1764 2918 fulmen
1782 2861 1812 2916 in
1830 2862 1907 2916 clau·

1137 2953 1204 3008 sulis
1224 2953 1300 3022 luae
1317 2952 1347 3017 cs.
1362 2951 1390 3005 Ο.
1405 2951 1456 3006 XV
1466 2951 1511 3016 22;
1531 2967 1595 3005 cum
1613 2949 1764 3004 severitate
1843 2965 1906 3002 cnm

1137 3040 1269 3095 serietate
1303 3038 1410 3106 164,14;
1449 3035 1693 3106 occupatissimam
1728 3035 1905 3096 vacationem

1137 3127 1209 3191 8,22;
1228 3125 1362 3180 damnum
1381 3123 1512 3178 indemne
1530 3124 1620 3191 taen
1644 3139 1725 3177 cruor
1742 3121 1905 3176 incruentus

1137 3213 1188 3268 164
1200 3230 1225 3266 v.
1238 3212 1284 3274 27ς
1302 3212 1430 3281 ignotum
1450 3211 1513 3280 plus
1531 3213 1627 3275 notus,
1646 3208 1726 3274 Nile,
1745 3225 1795 3278 per
1812 3210 1905 3262 ortum

1136 3299 1165 3354 G.
1184 3299 1297 3362 villa
1323 3297 1400 3366 [sono
1418 3297 1530 3351 dissono
1548 3297 1580 3350 R.
1599 3295 1696 3365 303,1].
1829 3283 1833 3306 ³

1205 3402 1261 3440 non
1284 3384 1439 3439 studiorum
1462 3382 1545 3437 modo
1567 3397 1664 3436 verum
1689 3380 1775 3435 etiam
1799 3381 1905 3437 studio-

1137 3489 1230 3526 sorum
1243 3472 1299 3540 223
1317 3471 1460 3540 dignitate
1479 3468 1547 3524 elati
1566 3467 1733 3539 dignatione
1746 3485 1906 3523 communes

1138 3558 1197 3622 141)
1215 3558 1251 3623 cf.
1270 3558 1362 3622 101,6;
1384 3556 1462 3627 genii
1481 3556 1576 3625 potius
1598 3571 1683 3624 quam
1701 3554 1810 3625 ingenii
1829 3555 1906 3610 simi-

1138 3643 1228 3698 litudo
1258 3643 1334 3708 14,13
1360 3643 1395 3709 os.
1424 3643 1453 3698 C.
1480 3642 1565 3707 X20;
1597 3657 1649 3697 nec
1674 3658 1766 3696 moras
1789 3642 1907 3712 prodere

1137 3746 1229 3785 moror
1246 3730 1336 3793 30‚11;
1355 3731 1460 3784 venatu
1474 3728 1566 3782 utitur
1583 3743 1635 3782 neo
1652 3727 1745 3782 utitur
1756 3728 1907 3783 venatione

1137 3817 1227 3881 olla
1246 3815 1400 3870 exercitum
1412 3814 1675 3871 exercitatissimum
1687 3816 1778 3882 41,2e;
1792 3815 1906 3870 dictasti

1136 3903 1247 3958 litteras
1265 3903 1407 3958 litteratas
1424 3904 1498 3968 68,3;
1517 3904 1551 3955 ut
1566 3901 1642 3956 sitim
1662 3904 1786 3956 nostram
1803 3901 1907 3956 litteris

1137 3989 1272 4044 litteratis
1284 3987 1500 4060 inrigetis147,3
1512 3990 1547 4056 cs.
1558 3987 1793 4043 illitteratissimis
1802 3987 1907 4043 litteris

1137 4077 1228 4141 taen
1242 4094 1293 4147 pro
1304 4076 1480 4146 supplicibus
1489 4075 1647 4145 supplicate
1657 4076 1748 4141 147‚5;
1762 4091 1832 4144 opus
1842 4092 1907 4146 ope-

1138 4163 1307 4217 rosissimum
1328 4163 1435 4228 157,30;
1454 4179 1504 4233 pro
1520 4161 1665 4232 aequitate
1679 4203 1701 4218 ..
1716 4205 1722 4216 .
1735 4180 1786 4232 pro
1804 4179 1908 4233 sequa·

1138 4249 1339 4314 litate159,aa;
1358 4249 1433 4319 quod
1452 4253 1481 4304 et
1499 4265 1566 4303 aure
1584 4252 1614 4303 et
1625 4265 1673 4303 ore
1685 4247 1768 4303 discis
1782 4251 1906 4316 164v.1;

1139 4339 1279 4391 certavere
1303 4353 1383 4389 snum
1402 4335 1530 4390 venerari
1548 4335 1665 4390 nunrina
1682 4351 1788 4390 numen
1806 4337 1834 4392 C.
1853 4337 1907 4401 13;

1140 4423 1214 4478 Mars
1241 4421 1371 4478 laudavit
1397 4440 1464 4477 sono
1492 4421 1612 4477 fulmina
1644 4422 1780 4477 fulmineo
1804 4422 1833 4478 C.
1856 4423 1907 4488 16;

1140 4527 1202 4564 oum
1221 4509 1341 4564 intratos
1360 4509 1469 4565 exirent
1487 4527 1565 4562 anna
1583 4526 1634 4578 per
1651 4526 1741 4564 muros
1761 4509 1908 4574 c.11148;

1140 4613 1196 4651 uon
1214 4612 1348 4667 generum
1371 4596 1443 4666 legit
1465 4596 1648 4666 respublica,
1676 4595 1723 4650 sed
1742 4611 1908 4666 generosum

1140 4683 1168 4738 C.
1189 4683 1287 4746 uela
1307 4683 1436 4737 sulcabat
1453 4682 1596 4736 madidam
1615 4683 1672 4736 iam
1685 4685 1793 4737 torrens
1811 4681 1907 4736 alveus

1141 4771 1235 4824 alvum
1257 4769 1285 4823 C.
1308 4770 1410 4832 1133&
1436 4772 1469 4823 ut
1492 4769 1605 4824 tandem
1630 4769 1689 4824 iure
1716 4771 1828 4839 recepto
1852 4769 1906 4823 lto-

1142 4856 1218 4910 mula
1244 4856 1373 4909 desuetas
1401 4855 1581 4910 moderentur
1608 4856 1724 4911 classica
1750 4856 1851 4910 classes
1879 4855 1908 4911 C.

1142 4943 1243 5007 113863
1265 4959 1283 4994 a
1301 4942 1398 4995 rastris
1422 4941 1458 4996 ad
1480 4945 1572 4998 rostra
1590 4959 1658 5012 roga
1682 4942 1711 4998 O.
1730 4943 1830 5006 11529;
1852 4961 1908 4998 non

1141 5047 1204 5084 cum
1223 5029 1336 5083 cuderet
1353 5027 1456 5082 cecidit
1480 5029 1508 5084 G.
1528 5029 1609 5094 vra
1636 5029 1690 5083 tibi
1708 5032 1807 5099 pareat
1826 5029 1908 5096 orbis,

1141 5132 1177 5170 ne
1194 5117 1291 5185 pereat
1310 5115 1338 5170 (l.
1358 5115 1483 5180 vuele
1508 5117 1655 5172 continent
1672 5115 1795 5170 ministri
1814 5133 1862 5172 ora
1881 5120 1910 5172 et

1142 5203 1201 5257 lora
1218 5220 1318 5256 manus
1345 5202 1373 5257 C.
1393 5202 1557 5268 XXlII3265
1588 5203 1641 5273 [ita
1659 5206 1821 5259 muneretur
1838 5203 1910 5259 acci·

1141 5288 1229 5358 piens,
1249 5291 1281 5343 ut
1299 5307 1355 5344 non
1373 5289 1528 5344 minoretur
1545 5283 1709 5361 impertiens
1727 5291 1756 5346 F.
1774 5291 1871 5362 evan.

1210 5378 1284 5447 notis
1299 5376 1381 5431 certis
1399 5381 1497 5432 auctor
1510 5377 1633 5432 incertus
1650 5379 1736 5442 laea
1756 5377 1821 5433 odia
1834 5381 1911 5434 certa

1141 5461 1258 5517 crimine
1270 5463 1376 5519 incerto
1386 5465 1447 5529 203
1458 5465 1489 5532 cs.
1501 5465 1574 5530 46,8;
1588 5464 1722 5534 quicquid
1733 5466 1910 5536 sperandum,

1141 5550 1275 5620 quicquid
1287 5551 1492 5621 desperandum
1505 5555 1548 5607 est
1560 5552 1635 5618 22,4;
1648 5551 1753 5607 iniuste
1766 5552 1821 5607 tibi
1836 5552 1911 5608 insta

1141 5638 1284 5708 persoluta
1301 5639 1337 5694 30
1348 5657 1373 5694 v.
1388 5641 1435 5704 153
1459 5638 1603 5694 dissimilis
1621 5639 1692 5694 situs
1710 5639 1841 5695 similiter
1859 5642 1908 5696 ob·

1141 5725 1229 5781 lactat
1246 5727 1335 5792 30‚11;
1358 5743 1471 5798 campos
1489 5727 1614 5800 sepultos
1633 5726 1743 5784 ossibus
1760 5728 1910 5802 insepultis

1651 5885 1705 5944 bt*
