4732 6436
947 429 1218 487 LUETJOHANNI.

879 603 917 666 de
928 618 970 671 ÷
993 608 1059 667 toto
1074 604 1235 689 pomino]

877 707 932 770 scd
953 708 1078 787 require
1100 707 1171 791 [re]

880 813 928 873 tro
951 808 1072 873 oddae
1093 810 1201 894 [sipia]

880 923 902 975 a
917 917 993 992 post
1009 912 1121 993 ¹eptam
1143 913 1348 999 tlicode[rici]

876 1016 958 1098 repis
979 1021 1010 1080 et
1031 1017 1143 1082 miride
1164 1019 1287 1103 realta]

879 1120 942 1186 tac

260 1297 472 1374 quaerentem
497 1295 624 1378 relegat
640 1294 680 1358 ad
697 1295 753 1362 fol.
771 1296 821 1375 lb,
844 1297 876 1360 in
894 1318 957 1382 quo
974 1303 1050 1382 post
1065 1319 1115 1384 ep.
1133 1298 1154 1364 l.
1169 1297 1196 1379 Ι,
1214 1303 1233 1362 2
1254 1321 1394 1385 eaquae
1411 1300 1531 1366 desunt
1551 1302 1759 1366 inveniuntur
1780 1308 1917 1366 exarata

261 1395 372 1479 eisque
397 1396 508 1460 addita
532 1419 605 1461 eum
629 1399 725 1464 simili
749 1401 843 1484 signo
868 1401 950 1466 haec
974 1401 1006 1464 in
1030 1403 1175 1486 margine
1199 1409 1290 1468 nota:
1317 1403 1374 1468 doc
1395 1403 1461 1469 noli
1481 1405 1614 1469 scribere
1634 1405 1694 1483 dic,
1717 1405 1772 1468 sed
1792 1407 1918 1486 require

260 1513 316 1578 icoc
336 1517 432 1598 siqua
455 1518 586 1584 ireonteo
608 1521 644 1584 ia
666 1520 740 1602 epla
761 1522 806 1586 od
820 1521 962 1586 leodicia
976 1522 1054 1586 seda
1072 1544 1132 1604 que
1151 1524 1197 1587 sie
1213 1525 1346 1608 decipit:
1368 1525 1405 1590 Si
1425 1503 1507 1604 dado
1523 1546 1609 1590 nureo
1623 1527 1760 1590 proxime
1774 1527 1920 1590 arderetis

261 1637 348 1699 nicia.
395 1637 550 1704 (laterum
575 1641 641 1706 illic
665 1643 763 1706 etiarn
787 1642 838 1706 hic
862 1664 976 1707 vorsus
999 1665 1042 1708 ox
1065 1665 1116 1728 ep.
1139 1643 1238 1726 1.ΙΙΙ,
1262 1648 1325 1726 3,9
1349 1669 1379 1732 p.
1397 1649 1448 1726 42,
1467 1649 1507 1710 29
1531 1646 1676 1711 adiectus
1700 1654 1764 1712 est:
1793 1647 1856 1713 Sed
1876 1625 1919 1728 ¹qd

261 1761 313 1820 eye
336 1741 411 1821 'istoc
433 1743 517 1808 iusto
533 1743 687 1824 quuscula
705 1748 815 1827 porrio
836 1750 867 1811 ct
889 1753 991 1829 cetera
1014 1749 1068 1832 qui
1089 1770 1147 1812 suo
1162 1749 1233 1812 loco
1251 1749 1375 1814 eisdem
1392 1750 1562 1815 vocabulis
1578 1750 1731 1831 decurrit,
1755 1751 1817 1816 nisi
1834 1750 1917 1836 quod

261 1850 395 1928 praeter
416 1847 448 1908 ct
469 1851 572 1928 cetera
594 1851 751 1914 omissum
775 1874 833 1938 pro
857 1853 932 1933 raico
953 1852 1075 1936 legitur
1096 1853 1160 1916 ista
1178 1852 1242 1933 laec.
1276 1852 1406 1919 Deinde
1423 1854 1541 1918 omissa
1558 1859 1650 1919 erant
1667 1876 1749 1940 quae
1765 1856 1919 1940 leguntur

262 1949 294 2010 in
318 1970 370 2034 ep.
386 1949 408 2015 l.
426 1949 482 2030 vl,
502 1955 540 2015 12
564 1951 639 2018 inde
662 1953 704 2019 ab
729 1953 784 2019 illo
807 1953 852 2040 (p.
874 1959 944 2033 101,
963 1956 1016 2039 17)
1033 1955 1159 2018 terseris
1173 1977 1281 2020 eorum
1296 1956 1446 2021 leccr'imas
1468 1963 1502 2022 ot
1516 1958 1572 2026 lib.
1588 1957 1656 2022 Vll
1671 1959 1799 2023 initium
1816 1979 1918 2043 usque

263 2053 304 2118 ad
329 2076 381 2140 ep.
405 2056 424 2118 l.
440 2056 593 2138 V11‚5,2
617 2081 647 2144 p.
670 2062 738 2140 108,
753 2063 772 2122 2
795 2060 905 2144 sacro]
918 2065 1063 2124 sanctam
1077 2061 1179 2124 sedem
1194 2061 1439 2142 tliyrritotemque
1453 2061 1604 2139 affectare
1624 2082 1684 2126 neo
1702 2083 1767 2126 non
1783 2062 1920 2126 deerant

263 2179 313 2242 ep,
330 2158 350 2223 l.
368 2159 445 2240 VII,
469 2165 488 2224 6
513 2169 546 2226 et
570 2166 599 2229 7.
645 2163 710 2229 Sed
734 2185 847 2228 rursus
870 2165 973 2250 ipsius
995 2164 1119 2229 librarii
1142 2170 1199 2228 aut
1222 2171 1311 2229 corte
1335 2163 1482 2229 eiusdem
1506 2166 1663 2250 temporis
1687 2187 1803 2229 manus
1827 2170 1918 2250 post-

264 2282 360 2345 quam
384 2264 482 2328 etiam
506 2265 588 2330 haec
614 2269 714 2333 verba
737 2269 840 2334 erasit
861 2268 973 2355 suero]
994 2274 1139 2333 sertatum
1153 2269 1255 2333 sedem
1269 2269 1514 2350 dignitatesque
1530 2269 1681 2347 effectore
1692 2269 1799 2350 pretio
1820 2268 1920 2333 oblato

263 2386 327 2429 rica
349 2366 554 2447 reformident
574 2377 605 2434 et
627 2393 692 2436 rem
714 2373 781 2437 iam
807 2373 929 2438 dudum
956 2373 993 2436 ia
1018 2372 1200 2436 nundinam
1225 2373 1310 2436 mitti
1336 2372 1573 2452 auctionemque
1592 2393 1686 2453 posse
1712 2373 1745 2436 in
1773 2373 1919 2458 margine

265 2469 349 2534 hano
373 2470 614 2540 adnotationem
638 2475 823 2563 adscripsit,
847 2497 932 2541 nunc
956 2483 1114 2562 exparte
1138 2477 1299 2542 mutilam:

804 2632 923 2718 [acrlte
945 2637 1028 2696 retro
1050 2631 1107 2695 hoc
1129 2630 1243 2713 folium

803 2737 870 2821 [ei]
891 2742 927 2801 ta
948 2736 1187 2817 eradicationem
1208 2741 1238 2800 et
1260 2757 1294 2799 re

803 2840 930 2925 [quiJre
951 2839 1014 2904 tole
1035 2840 1129 2922 sipon
1151 2861 1180 2903 :-

803 2943 852 3028 [et
874 2943 996 3042 ierigw
1017 2944 1151 3034 edidere
1172 2943 1212 3006 ob
1235 2941 1289 3006 illo

760 3095 768 3108 ·
804 3065 904 3151 [aaa]
924 3043 944 3145 q
965 3066 1012 3128 sic
1033 3065 1141 3146 incip:
1163 3086 1233 3146 sepe
1255 3063 1383 3126 terseris

806 3168 949 3255 [eorJum
971 3166 1122 3232 tter-imas
1144 3173 1173 3232 et
1195 3172 1268 3231 cair.

266 3337 319 3402 lta
341 3339 522 3422 legentium
547 3341 673 3404 animos
697 3339 837 3403 advertit
865 3338 905 3402 ad
934 3344 1007 3402 octo
1036 3338 1094 3402 illa
1121 3338 1199 3402 lolia
1225 3341 1301 3424 post
1328 3339 1576 3422 quaternionem
1599 3338 1760 3402 decimum
1783 3337 1924 3418 adiecta,

267 3442 300 3505 in
325 3443 443 3528 quibus
465 3465 549 3528 quae
573 3443 670 3507 modo
694 3443 813 3508 deesse
834 3441 903 3506 dixi
921 3443 967 3506 ita
986 3440 1144 3522 exaravit,
1168 3447 1205 3504 ut
1220 3446 1296 3526 post
1312 3462 1364 3526 ep.
1381 3440 1489 3522 LVII,
1506 3444 1524 3502 5
1548 3463 1581 3526 p.
1602 3444 1672 3523 108,
1690 3446 1708 3504 4
1731 3443 1923 3506 citationem·

267 3567 327 3625 que
342 3547 488 3626 potuisse
509 3549 540 3610 ὥ
562 3552 628 3612 ectr
650 3554 843 3632 sequentem
866 3545 1014 3610 eiusdem
1039 3545 1202 3630 epistulae
1226 3550 1350 3630 partem
1369 3566 1453 3629 qnae
1473 3544 1507 3608 in
1523 3545 1735 3629 quaternione
1750 3544 1924 3609 undecimo

270 3655 380 3713 exstat
412 3650 505 3736 signo
536 3653 687 3738 apposito
717 3651 874 3716 indicaret
906 3656 939 3714 et
968 3656 1043 3736 post
1065 3650 1159 3736 cp..l.
1177 3649 1284 3730 vl1‚7
1315 3649 1562 3734 transscriptam
1591 3648 1740 3714 adderet:
1774 3649 1927 3714 Sidonius

268 3760 396 3840 serriclo
417 3783 474 3827 suo
496 3763 558 3827 sal.
605 3763 642 3830 Si
664 3763 803 3844 ornicitiq
831 3737 888 3845 rire
911 3765 941 3827 ‹e’
964 3767 1038 3842 ectr,
1062 3761 1093 3826 id
1116 3768 1167 3824 cst
1190 3783 1241 3847 ep.
1264 3762 1286 3826 l.
1303 3760 1380 3844 Vll,
1397 3765 1434 3824 12
1453 3762 1591 3841 initium,
1608 3762 1769 3847 simulque
1786 3761 1870 3825 hanc
1894 3761 1926 3825 in

269 3866 415 3949 margine
432 3873 543 3931 notam
559 3868 753 3954 adiungeret
769 3869 894 3950 require
917 3869 1012 3932 istam
1028 3872 1101 3950 post
1122 3887 1229 3931 amera
1249 3866 1340 3947 felde.
1386 3866 1501 3932 Voluit
1522 3866 1621 3950 igitur
1637 3889 1688 3952 ep.
1706 3866 1726 3929 l.
1740 3864 1848 3945 v11‚c
1862 3871 1894 3929 et
1908 3867 1925 3926 7

270 3968 355 4033 inter
379 3992 429 4056 ep.
459 3975 495 4034 lo
519 3972 608 4056 (nam
632 3996 683 4060 ep.
703 3978 738 4038 ll
765 3979 842 4038 anto
864 3995 915 4058 ep.
935 3976 972 4035 10
996 3975 1140 4036 retracta
1163 3972 1227 4055 est)
1252 3975 1286 4035 et
1302 3991 1354 4056 ep.
1372 3973 1411 4033 12
1432 3969 1594 4044 inserere3
1617 3968 1715 4054 idque
1740 3969 1839 4033 etiam
1862 3968 1928 4032 alia

271 4073 397 4138 ratione
433 4077 638 4143 monstravit.
693 4076 777 4140 Nam
812 4081 983 4163 postquam
1018 4074 1059 4138 ad
1094 4096 1144 4160 ep.
1172 4074 1194 4140 l.
1210 4074 1269 4153 vl,
1297 4078 1331 4137 ll
1363 4074 1396 4138 in
1424 4065 1572 4158 margine
1600 4071 1774 4158 adscripsit
1802 4092 1928 4151 sequere

270 4176 412 4242 ordinem
434 4179 639 4262 epistolarum
661 4182 834 4246 secundum
856 4180 999 4245 ordinem
1020 4178 1210 4257 litterarum,
1233 4178 1274 4244 ad
1297 4201 1349 4264 ep.
1366 4179 1385 4243 l.
1401 4177 1460 4256 VI,
1477 4181 1509 4239 ll
1528 4177 1569 4260 A,
1592 4177 1634 4242 ad
1657 4199 1708 4263 ep.
1729 4177 1751 4240 l.
1763 4175 1822 4254 VI,
1841 4172 1917 4235 12ss

270 4282 312 4345 ad
336 4306 387 4369 ep.
411 4284 432 4346 l.
450 4284 526 4362 Vll,
543 4287 561 4349 8
579 4284 615 4362 Ο,
639 4285 680 4349 ad
706 4308 757 4371 ep.
781 4284 895 4365 LVII,
913 4283 987 4364 91),
1015 4284 1057 4348 ad
1081 4283 1268 4348 contionem
1292 4303 1375 4369 quae
1398 4283 1431 4346 in
1454 4281 1516 4346 hac
1539 4283 1682 4368 epistula
1704 4281 1790 4344 inest
1811 4277 1855 4358 E,
1887 4275 1928 4340 ad

272 4409 324 4472 ep.
341 4388 361 4451 l.
375 4387 451 4468 VII,
468 4392 502 4451 ll
522 4388 560 4468 F,
583 4387 624 4451 ad
641 4411 691 4475 ep.
709 4388 821 4469 LVII,
837 4393 874 4452 10
899 4387 929 4451 G
952 4387 1101 4474 adpinnit
1124 4393 1222 4473 atque
1246 4388 1278 4450 in
1302 4386 1449 4471 margine
1474 4384 1599 4450 addidit
1615 4385 1699 4450 hanc
1715 4387 1827 4448 notam
1842 4402 1927 4445 nunc

272 4512 314 4555 ex
339 4498 431 4577 parte
455 4492 652 4557 abscissam:

764 4632 767 4641 .
782 4583 858 4660 post
883 4576 914 4642 G
934 4576 1080 4659 sequitur
1100 4577 1143 4641 H.

777 4681 872 4745 'leorae
893 4681 1019 4761 require
1039 4681 1223 4765 superrima]
1338 4695 1341 4702 ’

790 4787 835 4850 ad
856 4784 945 4849 illam
966 4806 1049 4868 quae
1070 4787 1117 4850 sic
1138 4786 1303 4871 im:[qtit].·
1467 4865 1468 4870 η

790 4899 945 4964 stallae
971 4871 1034 4964 aii
1048 4921 1136 4981 pape
1157 4897 1329 4992 rasator
1402 4929 1404 4932 -

789 5011 851 5077 sar.
869 4983 910 5076 {i
926 5008 985 5076 aaa
1008 5034 1136 5077 munere
1158 5011 1247 5096 [et]
1269 5042 1308 5065 =
1333 5008 1410 5090 vn,
1433 5011 1453 5072 c

664 5151 665 5154 ¹
790 5117 915 5198 require
936 5122 1019 5181 retro
1041 5117 1086 5181 ad
1106 5116 1203 5200 [uri]-

790 5219 889 5284 decim
910 5219 991 5300 solia
1014 5267 1127 5283 ......

274 5392 416 5479 denique
440 5395 525 5458 infra
549 5395 631 5458 haec
656 5395 775 5478 legitur
798 5393 830 5457 in
853 5392 1017 5477 margine:
1034 5395 1109 5472 post
1130 5390 1213 5454 harae
1234 5411 1361 5470 sequare
1382 5389 1525 5452 crdirwm
1546 5385 1620 5450 libri
1641 5405 1740 5466 easque
1761 5383 1805 5446 ad
1825 5381 1930 5462 ditem,

274 5496 443 5578 Ceterum
464 5500 493 5564 si
515 5500 697 5564 litterarum
721 5498 867 5562 ordinem
890 5497 1047 5583 sequaris,
1071 5495 1312 5560 animadvertas
1336 5512 1412 5558 eum
1428 5491 1639 5576 epistularum
1655 5487 1800 5552 ordinem
1818 5492 1931 5550 extur-

274 5601 361 5666 batis
386 5623 437 5689 ep.
462 5604 482 5668 l.
500 5603 578 5684 Vll,
605 5607 685 5666 1·—5
711 5602 854 5681 restitui,
888 5622 985 5685 quem
1011 5600 1044 5664 in
1075 5599 1145 5664 cod.
1168 5596 1380 5663 Bruxellensi
1408 5594 1656 5658 10020-10021
1684 5591 1819 5674 eiusque
1841 5593 1933 5653 secta

274 5728 350 5772 ease
385 5729 484 5793 supra
516 5706 747 5774 demonstravi.
794 5705 974 5770 Praeterea
1002 5704 1079 5768 olim
1107 5703 1141 5767 in
1165 5703 1229 5767 fine
1260 5697 1558 5786 ep.1.v11,18‚4
1587 5717 1669 5782 quae
1700 5692 1776 5758 inde
1805 5692 1846 5756 ab
1874 5691 1931 5754 illo
