4560 6434
812 386 922 442 nfflnn
939 388 960 452 l,
983 387 1023 442 111
1041 388 1092 455 §5
1112 417 1142 426 -
1161 386 1201 440 Vl
1217 389 1233 456 θ
1252 389 1276 443 4.
1808 391 1870 454 303

223 580 372 646 quaeque
401 560 550 642 vocibus,
583 562 644 627 etsi
672 582 752 626 sono
783 559 917 627 dissono
947 566 1003 625 aut
1032 581 1087 625 ore
1115 560 1260 644 diverso,
1292 563 1362 648 pari
1393 568 1502 627 tamen
1531 563 1652 628 affectu
1681 564 1772 648 quasi
1805 584 1870 628 uno

223 669 387 729 concentu
409 665 442 729 in
464 664 594 730 laudem
617 666 737 752 proprii
760 667 900 731 auctoris
924 673 1099 753 erumpunt
1122 673 1157 733 et
1178 667 1376 753 potentiam,
1400 689 1496 753 quam
1519 688 1669 753 promere
1692 672 1870 755 nequeunt,

223 768 345 833 sentire
368 789 403 833 se
428 769 579 855 produnt.
625 769 687 834 hoc
711 791 851 856 namque
875 775 1021 855 tempore
1046 771 1154 835 cuncti
1180 771 1268 837 orbis
1298 770 1425 857 species
1454 769 1601 836 rediviva
1627 779 1807 857 reparatur,
1838 775 1872 836 et
1903 773 1922 834 3

222 872 375 958 quicquid
397 873 430 939 in
454 895 492 939 eo
516 875 580 940 situ
603 873 799 960 squalidum,
827 872 951 958 frigore
973 873 1154 954 turbidum,
1184 875 1290 959 glacie
1315 880 1519 957 concretum,
1541 875 1689 942 nuditate
1712 874 1869 955 deforme,

183 991 195 1029 ⁵
221 976 375 1041 ariditate
398 982 642 1063 praemortuum
664 978 824 1042 hactenus
847 977 919 1056 luit,
942 976 983 1042 ad
999 978 1103 1041 instar
1120 978 1370 1044 resurrectionis
1386 979 1536 1064 emergit,
1559 985 1596 1043 ut
1611 979 1715 1045 discat
1730 978 1873 1043 humana

222 1080 380 1166 fragilitas
397 1079 436 1146 de
453 1080 636 1147 visibilibus
652 1081 830 1146 invisibilia
847 1088 881 1147 et
895 1081 936 1146 de
951 1082 1180 1168 praesentibus
1196 1082 1307 1147 futura
1322 1102 1520 1167 cognoscere
1542 1089 1576 1149 et
1599 1104 1692 1169 spem
1714 1087 1871 1147 venturae

223 1186 368 1250 melioris
392 1187 522 1268 aetatis,
545 1184 698 1273 deposita
720 1186 960 1272 desperatione,
983 1187 1150 1273 percipiat.
1188 1207 1273 1252 nunc
1297 1187 1396 1251 etiam
1418 1188 1517 1252 tellus
1541 1187 1646 1253 sterili
1668 1188 1776 1274 rigore
1793 1206 1870 1249 con·
1904 1187 1924 1248 4

223 1289 369 1369 clausas,
396 1290 490 1376 quasi
513 1291 599 1355 virili
622 1290 746 1356 semine
776 1291 823 1355 ita
847 1310 945 1355 verno
973 1297 1121 1376 tempore
1152 1297 1324 1377 concepto,
1354 1291 1490 1355 occultis
1519 1291 1670 1357 maritata
1696 1289 1868 1370 meatibus,

222 1414 324 1458 venas
347 1393 438 1458 laxat
460 1392 501 1458 ad
524 1399 664 1479 partum.
708 1400 741 1459 et
763 1394 839 1459 hinc
863 1393 949 1478 quod
973 1393 1099 1458 deliciis
1123 1415 1234 1476 suave,
1257 1393 1342 1479 quod
1366 1395 1437 1458 esui
1459 1393 1566 1476 dulce,
1589 1393 1676 1479 quod
1691 1395 1765 1459 usui
1779 1395 1872 1476 utile,

171 1511 196 1550 ¹⁰
224 1496 311 1583 quod
341 1498 441 1561 victui
471 1498 712 1579 necessarium,
743 1497 829 1584 quod
858 1499 943 1563 visui
971 1499 1164 1579 iucundum,
1196 1497 1280 1584 quod
1312 1498 1446 1562 olfactui
1476 1503 1622 1584 gratum,
1653 1497 1738 1584 quod
1770 1499 1872 1563 tactui

222 1599 393 1680 blandum,
428 1621 523 1666 omne
551 1600 709 1688 producit.
761 1601 922 1688 siquidem
951 1601 1033 1667 hoec
1067 1608 1117 1668 est
1145 1602 1203 1667 illa
1232 1602 1425 1688 temperies,
1456 1621 1538 1687 quae
1568 1601 1679 1666 mundi
1709 1603 1872 1666 nascentis
1904 1605 1923 1664 5

222 1703 403 1786 materiem,
427 1705 521 1790 quasi
543 1703 649 1770 adhuc
672 1706 706 1770 in
728 1704 934 1771 incunabulis
958 1709 1117 1788 teneram,
1139 1706 1264 1790 gremio
1288 1703 1429 1792 quodam
1452 1705 1725 1770 clementissimae
1744 1705 1869 1771 altricis

222 1809 394 1895 complexa
422 1809 571 1890 nutrivit,
603 1831 644 1874 ne
676 1793 895 1874 substantiam
917 1809 1009 1872 nullo
1032 1809 1145 1874 labore
1169 1808 1317 1874 duratam
1341 1814 1397 1874 aut
1420 1809 1566 1875 aestivus
1589 1808 1697 1873 fervor
1720 1813 1873 1874 exureret

222 1918 279 1976 aut
301 1912 451 1977 hiemalis
475 1914 567 1999 algor
591 1913 820 1998 exstingueret
841 1917 898 1977 aut
914 1917 1086 1977 ventorum
1107 1912 1212 1977 flabra
1234 1918 1412 1999 portarent.
1449 1911 1551 1977 habet
1570 1912 1680 1998 itaque
1697 1918 1872 2000 susceptus
1904 1916 1924 1978 6

170 2030 194 2069 1⁵
221 2021 297 2080 tuus
337 2017 683 2082 convenientissimum
718 2024 863 2102 tempus,
903 2037 981 2102 quo,
1016 2015 1117 2082 animi
1152 2016 1304 2081 socordia
1337 2017 1469 2082 tandem
1504 2015 1677 2101 aliquando
1709 2015 1871 2101 deposita,

220 2119 452 2186 hebetudinem
476 2119 581 2185 cordis
605 2127 746 2185 exacuat
768 2127 815 2203 et,
845 2121 872 2185 si
895 2121 981 2186 inter
1003 2120 1152 2187 homines
1176 2119 1363 2188 declamare
1391 2117 1458 2186 non
1488 2125 1614 2207 potest,
1646 2118 1754 2184 saltim
1786 2119 1872 2186 inter

222 2225 367 2310 pecudes
391 2225 532 2290 clamare
556 2231 612 2289 aut
634 2225 719 2290 iuter
740 2225 889 2290 volucres
912 2225 1036 2311 garrire
1060 2224 1204 2290 festinet.

1018 2570 1078 2636 VI.

467 2727 645 2794 DOMINO
677 2727 853 2794 SANOTO
882 2727 940 2792 ΕΤ
969 2727 1167 2794 PIISSIMO
1197 2727 1335 2793 PATRI
1362 2726 1624 2792 NEPOTIANO

169 2844 195 2884 ²⁰
772 2829 1072 2897 PRESBYTERO
1098 2829 1325 2896 RURIOIUS.

325 2949 472 3045 (lonicus
494 3000 576 3064 quos
600 2979 757 3043 sanctitas
781 2984 891 3044 vestra
914 2979 1095 3044 transmisit
1117 2979 1249 3065 accepi,
1272 2979 1461 3065 eloquentia
1484 2979 1605 3056 claros,
1636 2978 1773 3043 scientia
1795 2999 1870 3064 per·
1905 2981 1916 3040 l

220 3084 335 3162 lectos,
358 3082 509 3148 doctrina
531 3082 661 3168 probos,
683 3081 761 3147 fidei
784 3083 926 3168 puritate
949 3083 1151 3169 perspicuos,
1175 3083 1231 3168 qui
1254 3103 1420 3148 sacrorum
1443 3081 1705 3148 testimoniorum
1721 3081 1871 3147 ubertate

219 3188 414 3275 locupletes,
438 3187 633 3252 auctoritate
655 3190 870 3271 praestantes,
900 3187 973 3251 luce
996 3186 1161 3272 fulgentes
1184 3186 1281 3252 facile
1305 3193 1338 3250 et
1360 3186 1506 3252 fidelium
1530 3193 1657 3252 mentes
1678 3186 1872 3260 inluminent

224 3299 258 3357 et
280 3291 461 3356 infidelium
484 3311 611 3357 errores
640 3290 798 3375 detegant
824 3296 923 3376 atque
954 3289 1156 3356 convincant.
1202 3310 1339 3376 quorum
1368 3311 1429 3376 ego
1456 3297 1554 3376 gustu
1581 3289 1756 3356 admodum
1782 3291 1873 3356 tonui

168 3407 193 3448 ²⁵
220 3395 380 3483 pellectus
403 3394 512 3483 potius
536 3415 633 3480 quam
656 3395 814 3474 relectus,
845 3393 886 3458 ad
916 3394 1102 3458 satietatem
1133 3398 1267 3480 propter
1289 3393 1524 3459 sollicitudines
1548 3394 1672 3459 saeculi
1696 3395 1869 3480 pervenire

222 3520 288 3565 non
310 3499 414 3587 potui.
459 3500 543 3564 sicut
566 3499 653 3564 enim
677 3497 865 3563 stomachus
888 3518 962 3562 cum
991 3496 1132 3562 febrium
1164 3495 1290 3562 ardore
1312 3495 1515 3582 decoquitur,
1544 3497 1657 3562 dulces
1685 3497 1748 3563 sibi
1775 3503 1873 3562 antea
1904 3499 1924 3560 2

222 3603 313 3669 cibos
336 3625 398 3669 nec
428 3602 555 3668 oblatos
585 3602 700 3689 recipit
726 3622 788 3666 nec
816 3600 953 3686 requirit
981 3599 1124 3683 ablatos,
1154 3600 1201 3664 ita
1230 3611 1264 3665 et
1291 3601 1419 3665 animus
1447 3599 1619 3667 mundanis
1648 3601 1871 3667 anxietatibus

223 3707 375 3793 curisque
406 3705 574 3772 coniectus
608 3705 771 3791 spiritales
798 3704 900 3790 dapes
927 3725 989 3769 nec
1019 3702 1186 3769 desiderat
1213 3703 1368 3768 absentes
1397 3724 1459 3769 neo
1487 3704 1591 3792 carpit
1617 3705 1785 3791 appositas
1812 3726 1874 3770 nac

226 3810 326 3876 sentit
340 3811 481 3876 infusas.
528 3831 612 3896 quae
636 3829 709 3874 cum
732 3808 779 3872 ita
802 3828 838 3872 se
862 3808 895 3871 iu
918 3829 970 3872 me
992 3807 1154 3902 habeant,
1183 3829 1242 3872 vos
1271 3813 1382 3874 tamen
1411 3812 1444 3872 et
1472 3808 1517 3894 pii
1539 3809 1685 3896 parentis
1708 3809 1872 3896 probastis
1905 3813 1923 3872 3

170 3927 196 3968 ³⁰
225 3914 380 3980 affectum
403 3920 438 3980 et
459 3913 591 4000 solliciti
613 3911 763 3997 magistri
786 3912 1001 3976 ministerium
1031 3916 1066 3977 et
1093 3910 1198 3976 seduli
1227 3911 1348 3976 medici
1376 3911 1537 3997 implestis
1567 3911 1722 3996 officium,
1753 3919 1789 3977 ut
1815 3913 1873 3978 tali

222 4019 330 4084 taedio
360 4018 523 4084 laboranti
550 4016 790 4083 medicamenta
823 4037 968 4102 congrua
996 4016 1180 4082 mitteretis.
1230 4016 1348 4102 quibus
1379 4016 1438 4081 etsi
1466 4022 1601 4105 propter
1630 4017 1873 4104 neglegentiam

223 4143 329 4188 meam
354 4144 415 4209 ego
439 4145 504 4188 uon
527 4125 621 4188 valeo
646 4120 804 4208 consequi
834 4121 1044 4208 sospitatem,
1073 4126 1273 4185 testamen
1299 4119 1487 4208 percipietis
1511 4142 1530 4186 a
1552 4121 1638 4186 iusto
1661 4127 1873 4208 repensatore

222 4226 424 4308 mercedem,
454 4228 508 4314 qui
536 4228 636 4292 etiam
662 4249 721 4314 pro
751 4226 890 4311 ingratis
919 4231 1029 4312 grates
1059 4224 1237 4291 benevolas
1267 4225 1390 4291 referre
1422 4226 1604 4294 consuevit.
1648 4226 1764 4291 horum
1795 4247 1873 4310 ergo
1906 4230 1925 4288 4

223 4331 443 4418 praelatorum
466 4331 615 4396 codicum
638 4353 752 4412 unum,
777 4332 860 4396 sicut
881 4331 1039 4408 iussistis,
1063 4331 1198 4411 retinui,
1230 4330 1329 4394 alium
1351 4330 1478 4410 remisi,
1507 4351 1603 4416 quem
1628 4331 1733 4395 sancti
1756 4329 1873 4394 Hilarii

172 4449 196 4489 ³⁵
224 4435 380 4501 Pictavae
403 4435 494 4499 urbis
517 4436 673 4500 antistitis
697 4456 769 4500 essa
793 4435 960 4502 noveritis.
997 4434 1084 4520 quod
1101 4435 1176 4521 quia
1193 4435 1447 4521 praeceperatis,
1471 4435 1615 4500 indicare
1633 4434 1753 4500 curavi.
1788 4433 1875 4497 hunc

224 4560 301 4604 vero
325 4544 502 4618 retentum,
526 4539 552 4603 si
575 4539 778 4625 permittitis,
801 4537 979 4604 transferre
1003 4537 1165 4625 disposui,
1189 4544 1226 4602 ut
1249 4537 1335 4625 quod
1359 4540 1533 4604 memoriae
1557 4537 1785 4604 commendare
1809 4557 1873 4601 non

224 4664 409 4729 possumus,
433 4642 542 4707 saltim
564 4644 619 4707 vel
641 4643 770 4729 paginis
793 4642 948 4709 mandare
973 4664 1135 4710 curemus.
1649 4633 1653 4642 ’

325 4918 343 4972 2
365 4922 450 4989 propri
469 4918 495 4972 G
616 4921 634 4975 3
655 4922 774 4974 rediuiua
794 4919 820 4974 G
939 4919 957 4974 4
979 4922 1112 4989 turpidum
1132 4917 1159 4974 G
1279 4920 1296 4973 6
1319 4921 1495 4989 prestantibus
1515 4917 1541 4972 G
1662 4916 1678 4968 ‘1
1699 4919 1828 4986 desposits
1847 4915 1874 4970 G

223 5009 304 5076 ligore
324 5004 350 5059 G
471 5007 506 5061 10
523 5009 613 5062 ommi
629 5005 655 5060 G
777 5007 809 5061 11
828 5007 911 5075 omne]
930 5027 945 5060 o
962 5009 988 5060 ia
1007 5026 1061 5062 ras.
1075 5005 1118 5076 ψ
1242 5007 1273 5060 13
1291 5005 1419 5074 exureret]
1438 5013 1561 5059 exuretur
1578 5001 1643 5058 etG
1765 5002 1797 5056 lb
1815 5021 1874 5056 con·

224 5096 403 5147 acutissimum
418 5093 444 5148 G
514 5093 637 5163 deposita]
658 5095 785 5159 Oooisius,
807 5096 924 5163 depatata
938 5092 988 5160 G¹,
1010 5096 1134 5148 detestata
1150 5096 1176 5147 ia
1195 5113 1244 5163 asp.
1264 5095 1326 5146 odd.
1340 5091 1383 5145 G¹
1487 5092 1520 5146 lli
1539 5087 1728 5156 hebetudinem]
1749 5090 1875 5156 mntem,

225 5182 404 5234 habitudinem
418 5179 443 5234 G
548 5180 581 5233 19
598 5182 739 5250 nepcciano
754 5177 780 5232 G
890 5179 924 5232 21
943 5183 1108 5248 elonquentia
1121 5179 1147 5233 G
1251 5181 1285 5234 22
1304 5184 1433 5250 perlectus
1450 5208 1482 5218 —
1502 5182 1597 5249 probus
1616 5205 1648 5214 -
1667 5177 1817 5246 perspicuus
1831 5174 1873 5229 G¹

223 5265 379 5320 storiatus
396 5269 492 5336 recepit
508 5285 556 5322 nec
573 5269 687 5336 requiret
705 5263 732 5320 G
843 5265 878 5319 29
895 5269 944 5319 ista
963 5264 989 5319 G
1068 5269 1164 5322 habent
1183 5266 1209 5320 G
1285 5275 1405 5336 parentes
1424 5264 1450 5319 G
1560 5263 1593 5316 31
1612 5262 1670 5332 etsi]
1689 5265 1788 5332 sompni,
1805 5271 1830 5316 et
1850 5261 1876 5316 G

225 5352 260 5406 33
281 5355 415 5408 beniuoles
434 5352 460 5407 G
546 5357 696 5408 conemur.
715 5352 742 5407 G
864 5351 899 5406 34
921 5355 997 5406 hilari
1015 5351 1042 5407 G
1162 5353 1197 5408 35
1219 5351 1394 5408 antestitssG
1514 5352 1548 5405 36
1572 5351 1605 5422 si]
1628 5353 1755 5420 simplest,
1778 5369 1827 5403 cm.
1841 5347 1875 5417 G,

223 5448 254 5493 at
270 5443 367 5492 mauult
383 5441 526 5494 Momasson
764 5467 769 5478 ·

1056 5555 1064 5574 Ι
1091 5489 1118 5534 Ρ
