4634 6458
443 407 503 468 120
1062 399 1200 454 SIDONII
1217 396 1475 452 EPISTULARUM

440 582 473 640 te
504 573 599 640 nobis
629 574 686 639 ille
716 575 779 639 iam
815 573 974 649 reddidit;
1010 578 1112 638 totam
1143 577 1230 636 tuam
1263 573 1513 657 temperantiam
1544 567 1750 658 religionem,
1787 573 1973 640 libertatem
2003 598 2096 642 vere-

420 678 591 754 cundiam
622 685 655 742 et
685 679 773 744 illam
805 678 966 743 delicatae
999 676 1119 742 mentis
1154 675 1400 762 pudicissimam
1429 677 1681 741 teneritudinem
1711 677 1853 741 iucunda
1886 679 2097 745 similitudine

440 784 625 869 exscripsit.
674 788 874 868 quapropter
904 788 1060 867 quantum
1090 781 1232 844 volueris
1263 779 1418 867 deinceps
1456 781 1519 846 frui
1552 788 1696 860 secreto,
1732 780 1904 866 indulgere
1940 788 2097 867 secessui,

441 887 553 952 licebit
584 885 770 970 indulgeam
808 884 1071 971 quandoquidem
1099 906 1159 950 nos
1188 885 1221 947 in
1252 884 1352 948 fratre
1381 905 1455 948 meo
1482 883 1630 949 Himerio
1660 906 1756 949 avum
1788 887 1933 959 nomine,
1965 896 2096 975 patrem

439 991 533 1069 facie,
557 996 731 1075 utrumque
755 988 928 1075 prudentia
951 991 1015 1053 iam
1038 995 1200 1053 tenemus.
1245 987 1329 1051 vale.

1223 1367 1316 1432 XIV.

846 1485 1059 1588 SlDONlUS
1082 1522 1333 1588 PHILAGRIO
1359 1522 1446 1588 SUO
1471 1522 1694 1590 SALUTEM.

393 1687 406 1747 1
551 1663 711 1756 Pacatus
734 1690 821 1754 inter
844 1695 1023 1752 summates
1048 1687 1135 1751 viros
1159 1687 1247 1772 (erat
1264 1693 1298 1753 ct
1314 1688 1470 1774 frequens
1487 1687 1581 1775 ordo)
1606 1691 1704 1754 vestri
1726 1693 1848 1755 mentio
1866 1691 1936 1759 luit.
1973 1692 2097 1758 Omnes

443 1795 483 1860 de
507 1800 540 1860 te
564 1795 642 1860 boni
667 1795 700 1859 in
724 1815 893 1859 commune
917 1797 1090 1855 senserunt
1121 1791 1230 1855 omnia
1258 1790 1354 1871 bona,
1387 1813 1460 1858 cum
1493 1800 1604 1858 tamen
1634 1794 1752 1879 singuli
1777 1797 1897 1881 quique
1919 1798 2010 1861 varia
2034 1799 2098 1861 vir-

444 1905 549 1963 tutum
578 1919 701 1984 genera
730 1898 901 1963 dixissent.
948 1915 1027 1988 sane
1059 1915 1133 1957 cum
1163 1893 1224 1957 sibi
1253 1894 1395 1980 quipiam
1427 1895 1467 1958 de
1494 1897 1683 1983 praesentia
1712 1904 1779 1976 tua,
1807 1901 1900 1984 quasi
1928 1906 1960 1964 te
1990 1902 2095 1986 magis

443 2007 595 2082 nossent,
625 2007 758 2090 praeter
787 2021 927 2086 aequum
955 1998 1187 2083 gloriarentur,
1222 1998 1389 2079 incandui,
1420 1999 1540 2085 quippe
1568 2020 1641 2063 cum
1672 1999 1736 2064 dici
1764 2023 1829 2065 non
1860 2004 2098 2088 aequanimiter
2127 2023 2152 2059 ¹⁰

443 2105 654 2172 admitterem
676 2107 782 2171 virum
806 2105 950 2169 omnium
974 2103 1156 2167 litterarum
1184 2101 1402 2190 vicinantibus
1431 2103 1563 2167 rusticis
1593 2123 1690 2189 quam
1713 2104 1871 2170 institutis
1895 2106 1964 2172 fieri
1989 2129 2096 2173 remo-

305 2277 306 2282 ,
393 2211 412 2272 2
445 2209 582 2275 tioribus
606 2211 780 2276 notiorem.
828 2207 990 2296 processit
1012 2205 1043 2269 in
1068 2204 1223 2269 ulteriora
1251 2206 1435 2276 contentio;
1470 2210 1504 2271 et
1532 2227 1605 2270 cum
1638 2207 1739 2293 aliqui
1768 2229 1868 2296 super
1897 2210 1959 2275 hoe
1988 2233 2098 2277 errore

448 2314 664 2401 pervicaciter
682 2316 1010 2378 controversarentur
1026 2308 1216 2395 (idiotarum
1234 2307 1394 2394 siquidem
1411 2315 1469 2388 est,
1493 2309 1577 2374 sicut
1597 2310 1695 2376 lacile
1718 2312 1877 2390 convinci,
1901 2314 1948 2378 ita
1967 2313 2099 2380 difficile

445 2417 633 2505 compesci),
668 2422 858 2481 constanter
880 2415 1019 2496 asserui,
1050 2414 1077 2478 ei
1101 2413 1331 2498 eloquentibus
1361 2414 1474 2479 amicis
1502 2435 1678 2499 numquam
1702 2417 1825 2501 agnitio
1848 2419 2100 2504 contemplativa

446 2522 631 2606 proveniat,
662 2542 735 2586 esse
765 2539 936 2607 asperum,
967 2523 1144 2602 utcumque
1168 2518 1340 2582 tolerabile
1368 2524 1493 2594 tamen,
1524 2517 1600 2603 quia
1622 2519 1836 2605 praevaleant
1863 2521 1996 2606 ingenia
2027 2544 2096 2598 sua,
2127 2540 2151 2576 1³

445 2646 554 2689 coram
577 2625 693 2710 quibus
716 2623 882 2711 imperitia
904 2623 1008 2687 civica
1031 2622 1270 2708 peregrinatur,
1293 2620 1335 2685 ad
1356 2629 1557 2687 remotarum
1580 2620 1745 2686 desideria
1765 2624 2004 2709 provinciarum
2021 2627 2095 2691 etilo

336 2809 337 2812 Ἴ
447 2728 702 2793 adminiculante
736 2727 922 2813 porrigere3
956 2746 1016 2812 per
1050 2746 1148 2811 quem
1185 2746 1421 2811 saepenumero
1458 2726 1633 2791 absentum
1669 2725 1840 2791 dumtaxat
1875 2729 2097 2795 institutorum

445 2837 556 2898 tantus
579 2832 744 2918 colligitur
767 2832 915 2912 allectus,
940 2835 1080 2916 quantus
1104 2850 1165 2893 nec
1188 2836 1428 2915 praesentanea
1449 2830 1623 2895 sedulitate
1646 2830 1821 2895 conficitur.
1867 2832 1976 2917 igitur,
2000 2834 2028 2897 si
2051 2835 2098 2898 ita

444 2943 505 3016 est,
529 2935 690 3002 desistant
713 2935 904 3000 calumniari
929 2932 1109 2998 communis
1134 2932 1306 2997 absentiae
1329 2934 1565 3026 necessitatem
1581 2935 1731 2998 vultuum
1747 2956 1843 3021 mage
1860 2957 1957 3021 quam
1972 2958 2098 3002 merum

394 3043 413 3106 3
447 3039 702 3126 praedicatores
748 3037 899 3125 equidem
923 3039 952 3102 si
975 3036 1118 3101 humana
1140 3036 1324 3100 substantia
1347 3037 1469 3101 rectius
1492 3037 1578 3101 mole
1601 3058 1698 3122 quam
1718 3045 1829 3103 mente
1852 3040 2019 3104 censenda
2035 3046 2096 3117 est,
2126 3055 2152 3094 ²⁰

444 3144 621 3230 plurimum
644 3144 768 3229 ignoro,
792 3140 869 3228 quid
893 3140 1073 3206 secundum
1097 3140 1332 3226 corpulentiam
1356 3161 1415 3226 per
1438 3141 1545 3226 spatia
1567 3141 1715 3226 quamvis
1739 3149 1890 3228 porrecta
1914 3143 2045 3209 finalem
2068 3145 2101 3208 in

445 3247 577 3313 homine
601 3247 763 3326 miremur,
796 3266 859 3331 quo
883 3245 964 3309 nihil
989 3266 1094 3330 aeque
1118 3244 1274 3310 miserum
1302 3245 1559 3330 destitutumque
1583 3244 1740 3310 nascendi
1764 3244 1912 3310 condicio
1936 3247 2098 3334 produxit.

446 3353 567 3440 quippe
599 3371 671 3415 cum
702 3349 863 3437 praebeat
892 3356 1059 3435 tamquam
1085 3348 1127 3414 ab
1158 3347 1297 3414 adverso
1332 3347 1408 3412 bovi
1442 3349 1539 3435 pilus,
1576 3369 1655 3434 apro
1691 3355 1794 3428 saeta,
1828 3349 1954 3415 volucri
1988 3353 2099 3438 pluma

442 3456 597 3520 vestitum
621 3452 756 3541 (quibus
780 3453 926 3540 insuper,
957 3460 993 3517 ut
1018 3453 1081 3518 vim
1104 3453 1158 3517 vel
1182 3452 1324 3517 inierant
1346 3452 1401 3518 vel
1430 3452 1602 3540 repellant,
1634 3474 1734 3517 cornu
1758 3452 1839 3517 dens
1864 3456 1983 3540 unguis
2006 3477 2097 3520 arma
2185 3489 2195 3506 ·

445 3558 588 3643 genuina
611 3556 713 3644 sunt),
744 3559 892 3623 membra
915 3578 992 3622 vero
1016 3562 1129 3621 nostra
1152 3555 1185 3619 in
1208 3555 1294 3620 hunc
1317 3554 1473 3619 mundum
1496 3556 1567 3621 sola
1596 3577 1733 3621 censeas
1762 3557 1877 3637 eiecta,
1905 3579 1969 3622 non
1993 3558 2100 3635 edita;
2128 3575 2153 3614 2⁵»

445 3682 585 3754 cumque
608 3659 770 3746 fingendis
794 3661 931 3726 artubus
955 3660 1146 3724 animalium
1168 3666 1353 3725 ceterorum
1375 3658 1552 3724 multifario
1573 3667 1690 3725 natura
1706 3660 1870 3746 praesidio
1888 3663 1982 3746 quasi
1999 3684 2098 3748 quae-

445 3765 520 3829 dam
545 3766 617 3829 sinu
641 3771 775 3851 patente
799 3772 905 3831 mater
928 3770 1088 3846 occurrat,
1111 3763 1256 3828 humana
1279 3770 1406 3828 tentum
1430 3784 1566 3851 corpora
1591 3763 1716 3840 effudit,
1741 3785 1875 3849 quorum
1893 3765 2100 3831 inbecillitati

393 3872 413 3931 4
445 3865 683 3953 quodammodo
707 3873 951 3935 novercaretur.
995 3889 1071 3932 nam
1094 3867 1187 3947 illud,
1215 3867 1311 3932 sicuti
1336 3888 1398 3952 ego
1422 3887 1551 3948 censeo,
1586 3869 1640 3953 qui
1664 3869 1807 3933 animum
1831 3875 1922 3934 tuum
1945 3870 2100 3934 membris

448 3971 532 4036 duco
571 3973 749 4060 potiorem,
796 3993 861 4036 non
899 3971 1000 4036 habet
1036 3971 1288 4057 aequalitatem,
1332 3970 1420 4055 quod
1459 3977 1580 4036 statum
1620 3978 1767 4036 nostrum
1812 3993 1912 4058 supra
1952 3972 2097 4059 pecudes

551 4246 564 4298 l
587 4265 660 4300 suam
683 4247 708 4297 Τ
823 4244 840 4298 2
861 4248 972 4300 iocunda
990 4246 1120 4299 MTOFP
1243 4245 1261 4299 3
1283 4249 1418 4300 exscribsit
1435 4248 1471 4313 L,
1498 4250 1633 4317 exscripsit
1651 4249 1694 4316 M,
1718 4249 1730 4303 l
1749 4252 1874 4319 expressit
1890 4268 1910 4303 a.
1930 4251 1947 4302 l.
1966 4250 2028 4302 adst
2047 4249 2081 4300 M
2084 4251 2102 4314 ¹,

355 4423 356 4427 Ἰ
446 4369 568 4436 excripsit
585 4368 611 4420 P
695 4325 789 4421 volbris
808 4369 929 4422 deincebs
949 4369 984 4420 0¹
1074 4369 1222 4436 indulgeres
1244 4367 1268 4432 (s
1285 4384 1352 4420 eree.
1371 4367 1460 4431 0¹)c‘
1583 4367 1732 4436 dlryrnerio
1753 4370 1801 4421 OF
1883 4378 1930 4456 aut
1946 4387 2042 4456 uavum
2060 4369 2099 4420 ΡΙ

447 4490 606 4558 patruumO
705 4489 797 4543 bvale
815 4507 864 4542 cm.
877 4488 910 4554 L,
928 4493 1027 4542 Memor
1044 4489 1126 4542 n'riF
1226 4487 1242 4540 6
1261 4490 1424 4542 FILAGRIO
1437 4488 1565 4540 LMTOP
1667 4487 1757 4558 iport
1775 4508 1863 4543 omnes
1881 4493 1927 4558 leq.
1946 4505 2019 4559 semp
2036 4492 2063 4542 in
2076 4490 2106 4544 F

446 4609 463 4663 9
485 4612 617 4680 quippiam
640 4608 693 4678 φτ.
712 4627 729 4677 p
747 4627 814 4663 erce.
835 4610 883 4677 0¹)
903 4610 974 4663 OFP
1104 4608 1138 4662 10
1155 4615 1174 4660 1'1
1192 4627 1214 4662 r.
1232 4611 1250 4662 l.
1269 4610 1331 4662 cdd.
1345 4609 1378 4660 Μ
1381 4610 1389 4641 ¹
1522 4609 1552 4662 11
1579 4612 1723 4664 amitterem
1747 4611 1774 4676 (a
1795 4631 1862 4664 eurr.
1884 4613 1912 4664 ia
1934 4613 1967 4664 ad
1985 4612 2045 4677 Μ’)
2063 4611 2102 4676 Μ,

446 4734 572 4787 mitterem
585 4733 610 4784 12
661 4726 840 4786 remotioribus
858 4733 913 4786 fieri
930 4732 955 4783 T
1043 4731 1077 4784 12
1094 4734 1238 4785 notitiarum
1251 4731 1314 4798 MP,
1332 4734 1479 4786 noticierem
1492 4731 1521 4782 F
1573 4733 1704 4799 aliquiaL
1797 4732 1830 4786 14
1846 4736 1884 4787 sie
1902 4735 1927 4800 (c
1940 4751 2007 4786 eras.
2022 4732 2107 4799 O'JO

447 4873 580 4922 nunquam
597 4854 631 4921 L,
657 4861 756 4923 iuquam
779 4855 825 4906 ΤΡ
955 4853 989 4906 16
1010 4856 1140 4923 impericia
1160 4856 1181 4907 O
1277 4856 1475 4937 peregrinantur
1492 4854 1533 4906 F¹
1631 4855 1815 4923 provintiarum
1834 4855 1863 4906 F
1996 4852 2028 4905 11
2051 4873 2103 4907 um·

446 4977 613 5030 miniculanta
635 4977 742 5028 LMTP
894 4975 927 5026 19
954 4977 1121 5046 calumpniari
1148 4975 1221 5028 TFP
1331 4977 1500 5058 vulgultuum
1523 4975 1563 5027 F¹
1678 4993 1777 5028 morum
1802 4973 1857 5040 (um
1885 4976 1913 5026 in
1935 4992 1989 5050 rar.
2010 4976 2057 5041 0¹)
2084 4975 2107 5026 0

446 5093 482 5148 20
499 5097 684 5150 substanciaO
784 5094 818 5148 21
836 5098 899 5164 quid
916 5097 1055 5163 LMTFP,
1078 5097 1109 5150 ul
1127 5099 1189 5165 quid
1207 5097 1306 5164 quiae
1372 5097 1493 5166 special]
1593 5093 1628 5149 22
1646 5099 1773 5149 meremur
1790 5114 1858 5148 cerr.
1876 5097 1902 5147 iu
1921 5053 2049 5148 miremur
2061 5095 2102 5146 F¹

450 5215 536 5283 cuque
554 5218 580 5269 P
646 5219 726 5270 nichil
749 5217 803 5282 TF,
830 5219 866 5269 nil
884 5218 963 5269 MCP
1029 5216 1268 5284 distinctumqueL
1338 5217 1448 5268 conditio
1468 5215 1544 5268 LOF
1609 5217 1730 5284 produxit
1746 5217 1774 5266 ia
1790 5215 1892 5268 read!
1997 5214 2031 5267 23
2049 5223 2103 5268 tan·

447 5355 525 5404 quam
542 5338 627 5390 LMF
709 5357 770 5408 apro
788 5341 888 5393 retain
905 5357 958 5391 rar.
977 5339 1023 5390 M*
1146 5336 1181 5390 24
1198 5348 1260 5406 port
1281 5357 1352 5414 arma
1368 5342 1385 5390 3
1402 5340 1448 5392 tte.
1466 5341 1542 5406 (fort.
1561 5339 1612 5401 bis)
1630 5355 1697 5389 erus.
1715 5337 1755 5389 L¹
1877 5335 1912 5388 ‘25
1935 5345 1996 5388 sunt
2014 5354 2063 5388 om.
2080 5335 2104 5386 L

447 5460 553 5511 nrenbre
570 5460 600 5511 F
750 5459 785 5513 26
811 5441 939 5529 fingendis
966 5462 1069 5528 scripsi,
1099 5462 1230 5529 signandis
1253 5460 1288 5525 L,
1316 5461 1453 5528 gignendis
1471 5457 1532 5512 ΜΤ
1531 5461 1602 5512 CFP
1712 5459 1820 5522 artutib;
1846 5458 1883 5522 L,
1910 5458 2010 5509 artibus
2028 5457 2105 5507 MCP

447 5590 591 5656 ceterorum
618 5579 644 5646 (o
667 5600 735 5633 corr.
758 5600 789 5633 aa
813 5600 830 5634 n
854 5583 887 5632 M
893 5583 913 5648 ¹)
933 5583 967 5633 M
1101 5581 1135 5635 21
1161 5583 1252 5636 effudit
1277 5581 1307 5647 (u
1328 5601 1395 5636 corr.
1418 5585 1447 5634 iu
1469 5588 1487 5634 ῖι
1506 5582 1559 5648 F2)
1577 5582 1606 5634 F
1705 5582 1858 5633 inbecilitati
1878 5581 1909 5644 L,
1935 5581 2105 5632 imbecillitati

448 5704 474 5772 (e
491 5724 558 5758 corr.
576 5724 607 5758 an
625 5707 633 5757 l
651 5706 685 5756 Μ
690 5705 710 5771 ¹)
729 5705 789 5757 MF
888 5705 923 5757 29
941 5709 1018 5761 babet
1036 5709 1202 5782 equalitatem
1216 5716 1324 5774 praem
1341 5708 1439 5760 litatem
1456 5707 1484 5758 ia
1500 5724 1554 5758 rur.
1574 5706 1608 5756 M
1613 5706 1621 5736 ¹
