4642 6488
1034 1285 1195 1408 GAI
1231 1283 1518 1408 SOLLII

470 1715 471 1718 ψ
544 1565 1435 1735 APOLLINARIS
1501 1563 2007 1750 SIDONII

822 1876 1780 2043 EPISTULARUM
1842 1943 1854 1970 1

939 2197 1213 2320 LIBER
1250 2195 1592 2319 SEXTUS.

1263 2691 1289 2754 I.

783 2844 995 2913 SIDONIUS
1018 2843 1197 2912 DOMINO
1222 2843 1371 2910 PAPAll
1395 2841 1514 2910 LUPO
1540 2841 1763 2910 SALUTEM.

398 2990 408 3049 l
553 2967 777 3066 Benenrcrrua
808 2995 940 3083 spiritus
969 2999 1103 3057 sanctus
1132 2997 1166 3057 et
1193 2998 1288 3078 pater
1310 2989 1364 3057 dei
1387 2991 1636 3079 omnipotentis,
1666 2992 1751 3078 quod
1774 2999 1824 3073 tu,
1852 2997 1948 3079 pater
1970 2997 2099 3078 patrum

446 3103 480 3163 ct
502 3099 677 3187 episcopus
706 3100 935 3187 episcoporum
962 3103 996 3160 et
1023 3095 1118 3161 alter
1137 3093 1262 3161 saeculi
1290 3095 1338 3159 tui
1369 3093 1525 3177 Iacobus,
1557 3095 1599 3161 de
1626 3095 1765 3181 quadam
1793 3097 1928 3182 specula
1955 3095 2099 3160 caritatis

445 3201 574 3268 neoda
603 3202 758 3268 inferiore
789 3201 1001 3267 Hierusalem
1028 3205 1098 3264 tota
1124 3197 1286 3265 ecclesiae
1315 3197 1369 3264 dei
1396 3199 1500 3263 nostri
1528 3200 1675 3265 membra
1706 3199 1958 3287 superinspicis,
1981 3197 2099 3283 dignus

445 3304 500 3390 qui
527 3327 640 3372 omnes
675 3305 854 3372 consoleris
887 3305 1033 3369 infirmos
1060 3302 1181 3388 quique
1209 3302 1326 3367 merito
1355 3301 1396 3367 ab
1427 3303 1793 3370 omnibus-consularis.
1847 3311 1880 3370 et
1907 3301 1985 3390 quid
2014 3322 2099 3367 nunc
2139 3315 2151 3352 ⁵

393 3410 413 3470 2
442 3428 504 3493 ego
537 3407 671 3495 dignum
706 3391 885 3495 ‹Egnationi
917 3406 1010 3488 huic,
1047 3406 1150 3494 putris
1186 3411 1220 3472 et
1253 3403 1356 3472 fetida
1394 3411 1487 3472 reatu
1523 3413 1627 3487 terra,
1668 3406 1908 3495 respondeam?
1945 3405 2099 3491 colloquii

445 3513 595 3578 salutaris
629 3513 677 3578 tui
710 3518 743 3577 et
775 3510 991 3597 indigentiam
1028 3509 1157 3596 patiens
1196 3516 1229 3574 et
1262 3509 1412 3574 timorem
1448 3510 1674 3588 recordatione
1708 3511 1793 3576 vitae
1830 3508 2007 3596 plectibilis
2040 3505 2098 3572 ad-

445 3613 566 3703 ducor,
600 3623 637 3682 ut
670 3618 808 3683 clamem
840 3615 900 3681 tibi
929 3613 1015 3700 quod
1051 3613 1134 3678 dixit
1168 3612 1297 3677 domiuo
1330 3620 1408 3677 tuus
1443 3613 1499 3679 ille
1542 3615 1684 3699 collega:
1730 3614 1793 3679 exi
1833 3634 1852 3678 a
1886 3633 1964 3692 me,
2007 3611 2099 3696 qnia

443 3717 555 3784 homo
584 3727 779 3806 peccator
807 3739 907 3798 sum,
936 3717 1110 3783 domine.
1156 3715 1266 3780 sedai
1290 3716 1352 3781 iste
1376 3717 1472 3781 timor
1494 3737 1559 3782 non
1582 3724 1785 3805 temperetur
1806 3715 1942 3795 affectu,
1970 3735 2097 3794 vereor,

443 3841 485 3887 ne
513 3820 757 3888 Gerasenorum
786 3815 946 3885 destituar
974 3820 1126 3906 exemplo
1157 3826 1192 3884 ct
1223 3818 1373 3885 discedas
1403 3840 1422 3882 a
1453 3819 1573 3886 linibus
1603 3821 1696 3886 meis.
1752 3819 1830 3906 quin
1862 3819 1971 3906 potius
2004 3816 2096 3898 illud,
2126 3832 2151 3870 1⁰

442 3924 528 4010 qnod
558 3924 637 3990 milri
669 3924 905 3990 conducibilius
939 3930 1004 4001 est,
1040 3923 1226 4010 conleprosi
1261 3923 1327 3988 mei
1360 3930 1393 3988 te
1430 3924 1599 4010 proposita
1630 3923 1821 3988 condicione
1857 3923 2089 4007 constringam,

443 4035 479 4092 ut
511 4029 597 4093 aiam
632 4029 706 4094 tibi:
746 4029 779 4094 si
813 4029 886 4110 vis,
923 4034 1040 4113 potes
1079 4048 1136 4092 me
1179 4025 1383 4093 mundare.
1444 4049 1509 4113 qua
1541 4029 1596 4095 ille
1636 4029 1801 4096 sententia
1840 4049 1906 4093 non
1944 4028 2018 4112 plus
2055 4025 2096 4091 de

392 4132 411 4193 3
444 4129 574 4196 Christo
614 4129 690 4217 quid
729 4137 859 4218 peteret
899 4129 1057 4217 prodidit,
1106 4151 1204 4216 quam
1236 4129 1314 4215 quid
1355 4129 1505 4196 crederet
1544 4131 1732 4218 publicavit.
1787 4153 1910 4218 ergone
1943 4151 2017 4196 cum
2051 4129 2096 4193 sis

441 4235 555 4320 procul
578 4234 732 4319 ambiguo
754 4233 878 4320 primns
903 4234 1047 4298 omnium
1069 4238 1152 4315 toto,
1177 4254 1241 4319 qua
1262 4239 1369 4320 patet,
1401 4234 1480 4301 orbe
1510 4237 1722 4321 pontificum,
1753 4258 1826 4302 cum
1848 4234 2096 4323 praerogativae

442 4335 637 4419 subiciatur,
677 4356 750 4401 cum
784 4356 943 4402 censurae
979 4342 1055 4402 tuae
1093 4336 1255 4402 adtremat
1293 4338 1392 4403 etiam
1430 4338 1526 4416 turba
1563 4340 1710 4425 collegii,
1750 4361 1823 4406 cum
1858 4339 1891 4403 iu
1925 4337 2095 4424 gravitatis
2124 4349 2149 4387 lt

441 4445 571 4506 vestrae
599 4439 874 4528 comparationem
904 4440 977 4526 ipsa
1007 4441 1107 4505 etiam
1134 4440 1395 4525 grandaevorum
1425 4441 1525 4508 corda
1553 4451 1766 4531 puerascant,
1798 4465 1871 4509 cum
1899 4449 1974 4530 post
1997 4443 2095 4506 desu-

542 4699 559 4753 8
578 4697 667 4754 Lucas
685 4699 719 4765 V,
736 4701 762 4755 8.
834 4700 867 4754 la
886 4699 974 4754 Lucas
993 4699 1025 4765 V,
1048 4701 1086 4754 tu.

546 4841 666 4893 uidemus
683 4858 732 4893 aa.
751 4841 781 4893 a
829 4842 931 4894 comino
947 4857 1028 4909 papa
1045 4858 1094 4892 mn.
1115 4842 1136 4892 c
1192 4803 1283 4894 auro
1301 4843 1408 4895 avoc
1473 4845 1581 4896 sunem
1599 4843 1688 4896 aar
1788 4841 2095 4906 salutatorem,

439 4961 631 5013 sesamae
696 4931 822 5028 odilae
944 4959 1100 5014 ancone
1183 4962 1341 5014 mansino
1465 4961 1707 5018 terraemotu
1792 4964 1885 5016 norun
1902 4963 1945 5030 ιι,
1969 4963 2047 5015 aem
2067 4964 2095 5027 o,

440 5081 546 5133 hierslm
564 5082 596 5147 P,
613 5081 688 5134 ierim
711 5082 761 5133 ΤΡ
822 5090 883 5148 post
900 5081 1088 5148 ecelesiae'lcy.
1106 5088 1150 5134 tue
1168 5082 1236 5133 irrF
1336 5042 1389 5149 {rii
1401 5083 1424 5134 O
1490 5085 1630 5137 contuleris
1649 5084 1688 5150 (tu
1706 5103 1774 5138 corr.
1791 5086 1820 5136 in
1837 5103 1867 5137 su
1887 5081 1943 5149 ΙΝ)
1963 5081 1990 5135 L
2059 5085 2094 5136 ab
2187 5093 2191 5098 “

438 5201 559 5252 omnibns
578 5201 716 5254 meritoT
833 5159 947 5271 tpitris
965 5203 998 5253 M
1005 5204 1013 5234 ¹
1101 5205 1162 5254 &a
1182 5203 1198 5253 l.
1217 5203 1279 5254 aaa
1297 5203 1331 5253 Μ
1336 5204 1344 5235 ¹
1433 5205 1527 5257 faetida
1545 5203 1584 5270 L,
1603 5207 1682 5272 lotide
1699 5206 1755 5258 ΜΟ
1874 5203 2051 5275 liudigentia
2068 5202 2095 5257 L

438 5323 543 5388 paciens
558 5321 579 5373 0
681 5319 698 5374 9
716 5324 739 5375 si
756 5341 776 5375 a.
796 5324 813 5374 l.
826 5323 932 5376 adam
937 5323 945 5355 ¹
1017 5323 1149 5376 timeretur
1167 5323 1239 5389 (time
1258 5341 1325 5377 corr.
1342 5327 1372 5378 ia
1390 5284 1457 5378 temll
1472 5323 1557 5388 0¹)(J
1659 5323 1693 5379 10
1710 5343 1892 5394 gerasenorum
1904 5335 2013 5394 practer
2029 5343 2062 5392 ge
2079 5343 2095 5378 a

437 5441 467 5492 in
483 5459 537 5493 rar.
557 5441 596 5492 P¹
684 5445 802 5497 distituar
820 5440 847 5496 L
987 5443 1019 5495 11
1037 5445 1181 5496 conlebrosi
1199 5441 1239 5509 L,
1265 5446 1401 5514 colleprosi
1425 5446 1475 5512 (col
1493 5447 1520 5498 ia
1536 5464 1591 5498 ros.
1610 5447 1644 5497 Μ
1647 5445 1668 5514 ¹)
1688 5447 1770 5500 MUF
1852 5449 1998 5500 conditione
2017 5447 2093 5499 LGF

440 5559 472 5612 12
489 5563 621 5630 potissime
640 5558 667 5614 L
735 5564 905 5616 sentenciaO
1007 5561 1040 5616 13
1057 5521 1187 5633 ergoneM
1192 5565 1201 5596 ¹
1309 5565 1593 5620 tertianarum>
1698 5566 1729 5620 16
1746 5577 1899 5635 puerascant
1917 5568 1973 5634 (alt.
1992 5586 2006 5622 e
2024 5587 2092 5620 corr.

437 5683 578 5750 carew)
596 5683 653 5737 ΜΡ
