4612 6428
1068 411 1204 467 SIDONll
1224 407 1422 465 CARMINUM

786 596 824 653 ut
844 589 980 674 prosim!
1005 587 1144 652 suadere
1167 606 1275 650 meum
1300 590 1367 652 est:
1391 606 1466 648 nam
1490 583 1599 649 Gallia
1621 586 1647 648 si
1671 591 1704 650 te

785 692 990 780 compulerit,
1014 712 1098 777 quae
1122 691 1192 754 iure
1216 695 1335 774 potest,
1359 688 1416 753 tibi
1441 695 1557 774 pareat
1579 688 1679 770 orbis,

785 817 826 861 ne
849 794 997 884 pereat.'’
1043 795 1126 860 dixit
1149 794 1335 880 pariterque
1359 794 1392 857 in
1416 793 1516 857 verba
1539 793 1643 878 petita

784 900 842 966 dat
866 906 1011 965 sanctam
1035 920 1107 963 curn
1133 898 1232 962 fratre
1256 896 1364 962 tidem.
1408 897 1561 974 discedis,
1585 898 1693 978 hvite,

728 1023 733 1036 ·
785 1010 940 1083 maestus,
964 1003 1020 1088 qui
1044 1002 1158 1068 Gallos
1181 1003 1282 1066 seiros
1305 1021 1370 1066 non
1394 1023 1491 1087 posse
1516 1001 1620 1067 latere

785 1107 862 1195 quid
886 1107 1012 1192 possint
1035 1108 1158 1172 servire
1182 1105 1287 1170 Getae
1311 1113 1344 1170 te
1367 1106 1525 1192 principe.
1571 1126 1711 1191 namque

786 1211 911 1276 civibus
935 1217 972 1274 ut
995 1211 1102 1295 patuit
1125 1209 1261 1295 trepidis
1285 1217 1319 1274 te
1342 1208 1478 1274 foedera
1500 1209 1596 1288 ferre,

784 1322 957 1381 occurrunt
979 1315 1105 1379 alacres
1129 1315 1305 1399 ignaroque
1330 1320 1406 1378 ante
1430 1312 1572 1378 tribunal

784 1426 949 1496 sternunt;
968 1426 1073 1503 utque
1098 1418 1178 1482 satir
1203 1417 1336 1482 sibimet
1357 1437 1531 1482 numerosa
1553 1418 1660 1482 coisse

729 1541 740 1578 ι·
785 1524 940 1589 nobilitas
964 1523 1035 1587 visa
1058 1528 1120 1603 est,
1144 1543 1242 1607 quam
1266 1543 1349 1586 saxa
1371 1522 1492 1586 nivalia
1515 1520 1603 1586 Cotti

783 1628 985 1714 despectant,
1009 1627 1107 1691 variis
1130 1647 1191 1690 nee
1216 1647 1280 1691 non
1304 1649 1401 1713 quem
1424 1627 1574 1714 partibus
1598 1625 1699 1690 ambit

784 1731 945 1817 Tyrrheni
968 1731 1142 1816 Rhenique
1165 1730 1279 1814 liquor,
1304 1733 1356 1796 vel
1379 1732 1478 1816 longa
1500 1731 1642 1816 Pyrenei

785 1857 882 1921 quam
905 1834 981 1920 iuga
1004 1834 1046 1899 ab
1069 1833 1220 1921 Hispano
1243 1835 1406 1900 seclusam
1430 1835 1500 1899 iure
1524 1835 1709 1912 cohereant,

784 1937 973 2023 aggreditur
996 1938 1097 2002 nimio
1121 1958 1271 2002 curarum
1296 1938 1442 2023 pondero
1465 1939 1593 2004 tristem

727 2057 732 2069 ·
783 2041 929 2128 gaudens
952 2041 1047 2105 turba
1071 2041 1184 2104 virum.
1232 2061 1403 2127 procerum
1433 2049 1501 2105 tum
1530 2043 1693 2107 maximus
1717 2063 1813 2121 unus,

784 2145 902 2231 dignus
926 2145 981 2229 qui
1005 2145 1133 2230 patriae
1156 2165 1330 2231 personam
1358 2153 1511 2228 sumeret,
1538 2146 1623 2211 infit:

783 2255 902 2335 “quam
925 2270 984 2314 nos
1007 2270 1066 2337 per
1091 2249 1196 2313 varius
1220 2247 1342 2313 dudum
1365 2249 1498 2315 fortuna
1519 2250 1648 2315 labores

784 2354 929 2440 principe
953 2353 1015 2418 sub
1038 2374 1141 2439 puero
1165 2353 1282 2417 laceris
1306 2359 1392 2418 terat
1414 2375 1533 2440 aspera
1557 2355 1667 2430 rebus,

783 2459 851 2522 iurs
875 2459 1019 2542 longum,
1043 2456 1110 2521 dux
1133 2479 1264 2542 magne,
1288 2459 1391 2544 queri,
1417 2479 1489 2522 cum
1506 2459 1626 2545 quippe
1643 2457 1812 2522 dolentum

786 2562 1029 2647 maximopere
1052 2561 1165 2641 tueris,
1189 2562 1316 2649 patriae
1340 2561 1417 2627 dum
1441 2562 1577 2628 vulnera
1601 2563 1717 2648 lugens

783 2664 1058 2730 sollicitudinibus
1082 2665 1334 2730 vehementibus
1359 2667 1548 2752 exagitaris.

785 2769 844 2834 has
867 2768 960 2833 nobis
985 2769 1071 2834 inter
1094 2769 1209 2833 clades
1230 2791 1268 2834 ae
1290 2771 1409 2836 funera
1432 2771 1543 2836 mundi

783 2895 871 2938 mors
895 2873 1017 2938 vixisse
1040 2873 1111 2938 fuit.
1156 2873 1213 2939 sed
1238 2873 1314 2939 dum
1338 2897 1397 2961 pen
1421 2876 1524 2941 verba
1548 2881 1722 2961 parentum

784 2979 920 3064 ignavas
943 2980 1079 3044 colimus
1102 2980 1195 3065 leges
1220 2987 1437 3068 sanctumque
1461 2989 1615 3068 putamus

783 3104 852 3147 rem
875 3089 1028 3147 veterem
1043 3103 1103 3169 per
1126 3083 1245 3149 damna
1268 3087 1371 3171 sequi,
1398 3086 1600 3172 portavimus
1623 3085 1771 3149 umbram

784 3186 922 3272 imperii,
946 3186 1079 3272 generis
1104 3189 1248 3253 contenti
1272 3189 1358 3254 serre
1383 3191 1504 3254 vetusti

787 3297 820 3354 et
843 3288 924 3354 vitia
947 3311 985 3354 ae
1009 3291 1138 3354 solitam
1161 3293 1274 3356 vestiri
1297 3293 1420 3357 murice
1444 3299 1576 3378 gentem

783 3414 874 3457 more
898 3391 1002 3477 magis
1026 3414 1122 3479 quam
1146 3396 1217 3460 iure
1240 3397 1319 3482 pati.
1363 3397 1608 3482 promptissima
1631 3417 1736 3482 nuper

782 3497 874 3560 fulsit
898 3496 1059 3576 condiei0‚
1084 3499 1231 3583 proprias
1255 3520 1319 3584 quc
1342 3500 1452 3565 Gallia
1476 3501 1562 3565 vires

739 3641 744 3654 -
784 3609 946 3681 exereret,
969 3599 1129 3687 trepidam
1154 3602 1230 3666 dum
1254 3602 1418 3667 Maximus
1442 3611 1581 3689 occupat
1604 3603 1733 3675 urbem;

783 3707 895 3771 orbem
919 3712 971 3770 sat
994 3706 1110 3792 potuit,
1135 3707 1160 3770 si
1186 3713 1218 3772 te
1244 3708 1307 3771 sibi
1331 3715 1399 3772 tota
1423 3709 1580 3793 magistro

783 3832 886 3895 regna
909 3810 1131 3875 refonnasset.
1179 3812 1251 3895 quis
1274 3817 1422 3875 nostrum
1446 3811 1582 3896 Belgica
1605 3833 1691 3890 rura,

784 3915 860 3979 litus
883 3913 1077 3993 Aremorici,
1103 3913 1237 3979 Geticas
1261 3915 1333 4000 quis
1357 3917 1495 3980 moverit
1518 3915 1593 3994 iras,

782 4039 847 4082 non
872 4018 968 4081 latet:
993 4016 1043 4081 bis
1066 4017 1167 4081 tantis
1191 4017 1252 4082 tibi
1276 4018 1448 4096 cessimus,
1473 4019 1596 4097 inclite,
1621 4018 1727 4082 bellis.

788 4122 961 4186 nunciam
985 4141 1111 4184 summa
1135 4126 1268 4194 vocaut;
1297 4121 1397 4185 dubio
1422 4123 1483 4187 sub
1507 4129 1654 4208 tempore
1678 4145 1814 4208 regnum

782 4248 846 4290 nou
872 4225 957 4310 regit
980 4224 1127 4308 ignavus.
1173 4226 1380 4310 postponitur
1402 4225 1543 4291 ambitus
1568 4227 1683 4305 omnis,

782 4330 898 4394 ultima
921 4349 993 4392 eum
1017 4328 1122 4392 eleros
1146 4335 1322 4413 quaerunt:
1348 4337 1420 4416 post
1445 4329 1564 4394 damna
1586 4331 1692 4395 Ticini

783 4455 822 4498 ac
845 4432 987 4497 Trebiae
1011 4431 1180 4517 trepidans
1204 4434 1319 4519 raptim
1344 4455 1397 4498 ree
1420 4433 1555 4520 publica
1578 4435 1667 4499 venit

783 4537 824 4601 ad
847 4535 996 4600 Fabium.
1043 4534 1173 4600 Cannas
1196 4537 1345 4602 celebres
1361 4536 1511 4602 Varrone
1535 4537 1649 4618 fugato

714 4655 751 4692 ³⁵⁵
783 4639 1036 4727 Scipiadumque
1061 4639 1159 4704 ctiam
1183 4647 1369 4726 turgentem
1392 4642 1506 4706 funere
1531 4642 1679 4706 Poenum

781 4743 893 4807 Livius
917 4744 1042 4807 electus
1065 4743 1175 4828 tregit.
1221 4746 1380 4831 captivus,
1403 4751 1440 4808 ut
1462 4745 1564 4824 aiunt,

782 4847 869 4912 orbis
892 4846 925 4910 in
948 4846 1028 4912 urbe
1053 4847 1155 4920 iacet3
1179 4849 1332 4934 princeps
1355 4849 1450 4934 perit,
1475 4848 1527 4913 hic
1551 4857 1649 4934 eaput
1672 4867 1766 4912 omne

521 5125 571 5179 517
581 5125 773 5195 compuleratT
854 5122 903 5174 521
917 5124 1074 5190 quodMobr
1160 5125 1366 5190 bd‘dtluibnsM
1449 5124 1500 5176 erl
1511 5143 1648 5177 numerans
1661 5125 1698 5175 T*
1784 5121 2077 5184 hdbccttiitleoctiil'

417 5214 468 5266 526
494 5215 638 5281 dispectunt
657 5213 692 5263 M
827 5209 876 5262 {tal
904 5212 1001 5277 tyrreni
1027 5212 1151 5278 rhenique
1175 5212 1229 5275 ΤΟ,
1256 5212 1413 5278 thirreuiqua
1436 5211 1468 5260 M
1573 5213 1682 5278 Pyrenei
1705 5211 1872 5268 semivirum
1900 5209 2001 5276 persnsi
2025 5208 2072 5271 0⁸,

417 5302 509 5369 pirinei
526 5301 560 5365 F,
583 5300 681 5368 pirenei
698 5298 745 5362 0¹¹,
767 5299 863 5366 periuei
882 5297 915 5348 M
918 5297 943 5346 Τ
942 5316 951 5358 ,-
974 5299 1088 5363 l'yranes
1106 5298 1185 5349 Mola-r·
1304 5296 1354 5349 531
1379 5307 1450 5364 patra
1470 5298 1500 5348 M
1615 5297 1665 5350 532
1687 5300 1781 5350 laboris
1799 5297 1831 5347 M
1946 5293 1997 5346 534
2019 5299 2072 5348 sors

416 5389 443 5440 in
461 5387 609 5454 lougan
666 5383 729 5452 dux]
747 5383 856 5437 dumM
908 5385 1002 5452 quippe
1014 5383 1064 5433 M·
1159 5382 1211 5434 535
1228 5385 1309 5435 vnlua
1327 5385 1452 5451 lugch
1544 5383 1596 5435 540
1613 5385 1771 5452 portabimus
1784 5383 1814 5433 M
1909 5379 1960 5434 543
1978 5381 2071 5450 nuper]

416 5474 557 5541 semper
657 5471 708 5524 544
725 5489 791 5539 quae
804 5471 838 5522 Μ
896 5471 991 5537 gallicu
1004 5469 1033 5521 F
1132 5469 1184 5523 545
1202 5470 1345 5522 exercet'l'
1416 5471 1580 5538 trepidan
1681 5469 1732 5522 546
1750 5471 1838 5522 orbem
1855 5478 1894 5521 sat
1911 5468 1995 5536 potuit
2008 5467 2072 5536 Leo]

418 5561 506 5613 orbern
524 5577 572 5627 ego
590 5567 631 5612 sat
648 5560 720 5626 potui
733 5558 793 5623 Me,
811 5559 898 5609 orbem
916 5558 993 5608 immo
1006 5558 1089 5624 potuit
1106 5556 1156 5608 Tu
1216 5557 1237 5608 si
1250 5565 1275 5608 ts
1287 5557 1336 5608 sibi
1348 5563 1401 5609 tota
1414 5557 1474 5608 ΤΚ·
1487 5559 1538 5609 vite
1550 5559 1599 5608 sibi
1612 5565 1672 5624 pota
1684 5557 1722 5619 M,
1740 5557 1802 5608 mihi
1815 5557 1924 5608 subdere
1935 5563 2012 5620 teque
2027 5554 2074 5617 0¹³,

417 5664 465 5697 aar.
482 5647 520 5698 0·
624 5642 674 5697 547
698 5645 892 5697 rsterrnassetl
997 5642 1049 5696 548
1070 5651 1184 5696 moveret
1202 5643 1235 5693 Μ
1336 5642 1386 5698 551
1410 5652 1481 5713 reget
1500 5644 1533 5694 Μ
1599 5643 1732 5696 abitusT
1837 5641 1888 5695 553
1912 5641 2023 5708 trepidas
2042 5639 2076 5691 M

416 5731 467 5784 554
485 5734 597 5784 celebrat
620 5732 660 5783 T·
730 5749 825 5784 varone
843 5731 872 5782 F
971 5728 1021 5782 557
1040 5732 1101 5783 urbe
1119 5731 1153 5782 M
