4634 6458
796 373 903 427 LIBER
921 373 982 438 VII,
1002 373 1264 440 17§3-18§4.·
1779 378 1836 439 125

159 569 160 572 ’
182 549 424 636 conscriptione
446 545 617 612 meditanti
640 545 797 610 hactenus
820 545 1019 612 incustodita
1042 551 1210 632 nequeunt
1233 547 1385 611 inueniri.
1425 568 1504 612 sane
1525 548 1590 613 ista
1613 569 1728 635 pauca,
1752 569 1836 634 quse

183 654 312 740 quidem
343 658 376 716 et
402 651 489 716 levia
520 657 605 730 sunt,
641 649 793 714 celeriter
820 650 957 732 absolvi,
994 670 1190 736 quamquam
1221 649 1375 714 incitatus
1407 652 1509 716 semel
1540 652 1668 716 animus
1698 651 1837 716 necdum

184 758 373 844 scripturire
401 755 580 835 desineret,
612 774 746 818 servans
780 753 840 818 hoc
871 753 986 819 sedulo
1018 775 1123 839 genus
1152 753 1413 840 temperamenti,
1452 762 1488 819 ut
1516 755 1732 841 epistularum
1760 775 1836 840 pro-

184 853 358 927 duceretur
380 865 502 939 tentus,
526 858 554 921 si
575 879 730 921 numerus
753 857 968 923 breviaretur.
1013 859 1135 944 pariter
1159 864 1192 922 et
1216 858 1329 922 censui
1352 858 1483 940 librum,
1506 878 1604 942 quem
1627 859 1732 922 lector
1755 857 1838 922 dcli·
1872 861 1891 920 2

146 982 157 1018 ⁵
185 965 371 1031 catissimus
395 961 612 1040 desiderares,
637 965 670 1023 et
693 961 773 1025 satis
796 961 941 1026 habilem
970 982 1032 1026 nec
1060 982 1175 1046 pamm
1206 961 1431 1026 excusabilem
1454 961 1533 1042 sore,
1565 951 1602 1039 si,
1631 962 1783 1047 quoniam
1806 967 1840 1024 te

186 1089 340 1135 sensuum
364 1071 668 1149 structurarumque
692 1064 809 1129 levitas
830 1069 961 1151 poterat
985 1064 1165 1146 offendere,
1189 1065 1453 1131 membranarum
1469 1072 1557 1130 certe
1573 1066 1717 1130 fascibus
1733 1065 1840 1128 minus

186 1191 372 1240 onerarere.
418 1166 609 1233 commendo
633 1166 734 1251 igitur
756 1168 864 1232 varios
886 1167 1008 1231 iudicio
1032 1173 1087 1232 tuo
1112 1169 1215 1232 nostri
1239 1170 1381 1255 pectoris
1404 1176 1522 1250 motus,
1546 1169 1679 1234 minime
1695 1169 1840 1254 ignarus,

185 1275 271 1364 quod
295 1275 455 1366 ita-mens
478 1277 592 1358 pateat
620 1272 652 1335 iu
681 1271 765 1337 libro
797 1273 889 1338 velut
918 1273 1027 1337 vultus
1050 1274 1083 1337 in
1108 1275 1265 1359 speculo..
1299 1273 1420 1338 dictavi
1450 1274 1536 1338 euim
1567 1274 1740 1360 quaepiam
1763 1273 1840 1337 hor-

184 1379 295 1459 tando,
319 1375 482 1442 laudando
505 1376 647 1463 plurima
669 1382 702 1441 et
725 1377 834 1462 aliqua
858 1376 1037 1458 suadendo,
1064 1378 1241 1442 maerendo
1264 1399 1369 1464 pauca
1381 1378 1585 1463 iocandoque
1599 1378 1764 1444 nonnulla.
1810 1383 1843 1440 et
1874 1377 1892 1438 3

135 1499 160 1537 10
187 1485 215 1548 si
238 1504 291 1548 me
314 1481 442 1569 uspiam
466 1478 656 1544 lectitavisti
678 1478 711 1544 in
734 1480 861 1564 aliquos
886 1481 1143 1562 concitatiorem,
1167 1482 1253 1546 scias
1275 1483 1348 1546 volo
1365 1481 1488 1547 Christi
1504 1482 1643 1548 dextera
1659 1480 1840 1566 opitulante

186 1607 363 1673 numquam
387 1605 440 1649 me
463 1584 680 1648 toleraturum
703 1584 804 1648 animi
828 1585 1031 1667 servitutem,
1061 1586 1358 1672 compertissimum
1387 1593 1505 1652 tenens
1528 1585 1718 1673 bipertitam
1742 1604 1841 1670 super

186 1691 238 1756 his
261 1688 406 1755 moribus
430 1687 599 1752 homiuum
628 1708 701 1753 esse
732 1709 913 1753 censuram.
959 1710 1035 1753 nam
1058 1696 1094 1754 ut
1117 1690 1223 1755 timidi
1250 1711 1302 1755 me
1330 1691 1549 1771 temerarium,
1577 1691 1625 1754 ita
1654 1693 1842 1753 constantes

188 1795 329 1859 liberum
352 1791 532 1878 appellant.
578 1792 664 1856 inter
687 1813 770 1877 quae
794 1793 864 1879 ipse
882 1793 1032 1861 decerno
1049 1795 1130 1860 satis
1150 1794 1239 1859 illius
1260 1795 1369 1860 iacere
1386 1814 1571 1880 personam,
1596 1793 1688 1858 cuius
1704 1810 1841 1856 necesse

188 1905 238 1963 est
267 1898 370 1962 latere
401 1896 609 1960 sententiam.
658 1893 700 1958 ad
728 1897 930 1982 propositum
959 1897 1070 1962 redeo.
1115 1897 1241 1964 interea
1269 1904 1314 1980 tu,
1349 1897 1376 1963 si
1405 1897 1482 1984 quid
1504 1918 1524 1962 a
1546 1896 1696 1963 lectionis
1725 1914 1839 1959 sacrae
1875 1896 1893 1955 4

148 2018 159 2053 ⁵
187 1999 432 2066 continuatione
463 1999 622 2085 respiras,
656 1998 708 2063 bis
740 1998 856 2065 licebit
889 2001 996 2065 neniis
1030 2022 1180 2068 avocere.
1225 2023 1286 2067 nec
1318 2001 1418 2067 saciet
1452 2002 1590 2066 materia
1619 2007 1655 2065 ut
1683 2001 1843 2064 immensa

186 2103 365 2184 fastidium,
389 2103 558 2187 quiscum
584 2103 732 2188 singulae
757 2124 876 2170 causae
900 2105 1038 2190 singulis
1062 2106 1166 2172 ferme
1191 2107 1339 2192 epistulis
1362 2107 1527 2186 finiantur,
1555 2107 1618 2170 cito
1643 2104 1784 2190 cognitis
1808 2102 1840 2165 in

187 2230 271 2297 quae
295 2209 425 2274 oculum
449 2207 629 2275 intenderis
653 2215 729 2274 ante
751 2210 864 2294 legere
888 2210 1035 2275 cessabis
1059 2230 1155 2295 quam
1178 2211 1333 2276 lecturire
1357 2210 1508 2276 desistas.
1554 2210 1637 2276 vale.

291 2469 308 2522 2
330 2487 478 2537 quanquam
493 2469 552 2520 ΒΜ
555 2469 579 2519 Τ
713 2466 730 2519 3
754 2469 876 2520 scribitur
897 2470 935 2522 ire
951 2468 976 2520 L
1075 2478 1136 2536 post
1159 2471 1329 2537 epistularum
1353 2470 1400 2535 leq.
1423 2486 1476 2522 non
1499 2469 1526 2520 iu
1542 2467 1576 2532 1¹⁷,
1600 2473 1619 2518 1'1
1641 2485 1661 2520 a.
1681 2469 1698 2519 l.
1716 2467 1779 2518 add.
1796 2465 1828 2517 M
1835 2465 1843 2496 ¹

188 2591 420 2644 limenbranarum
433 2589 493 2643 ΜΡ
586 2586 601 2638 7
620 2545 725 2641 onrdrere
738 2589 772 2638 M
774 2589 793 2652 ²,
810 2589 962 2640 honerarere
980 2587 1032 2653 ΤΡ,
1049 2587 1215 2640 honerareF
1272 2588 1363 2639 iuditio
1376 2587 1405 2638 F
1497 2585 1672 2655 8placeatF
1729 2585 1849 2639 veludF

190 2708 223 2762 10
241 2710 437 2762 concitaciorcm
450 2709 484 2758 M
568 2706 600 2758 11
620 2725 752 2774 nunquam
766 2707 830 2772 ΒΜ,
848 2713 945 2773 iuquam
962 2707 987 2757 Τ
1071 2705 1103 2759 13
1121 2709 1250 2776 appellent
1263 2707 1291 2758 F
1381 2705 1414 2760 14
1432 2709 1588 2760 sentenciam
1604 2706 1653 2759 OT
1735 2679 1768 2757 lt')
1785 2707 1846 2757 iude

189 2831 223 2881 ab
250 2831 292 2882 his
317 2831 406 2882 licebit
431 2829 502 2895 epist.
525 2828 606 2880 eniam
632 2845 681 2880 cm.
704 2828 732 2880 in
748 2827 806 2892 LT,
833 2828 929 2894 partim
952 2828 981 2878 in
1003 2843 1058 2880 rar.
1078 2828 1177 2894 partim
1199 2829 1227 2880 iu
1251 2845 1334 2894 marq.
1358 2827 1421 2878 add.
1444 2828 1471 2878 in
1488 2807 1543 2878 M1'
1642 2828 1760 2878 inmensa
1778 2826 1849 2878 OFP

191 2951 223 3004 rs
242 2917 309 3020 'ipa
327 2915 406 3004 firme
424 2949 582 3016 saansaan
601 2947 637 3000 ο1
721 2948 785 3030 naq
804 2947 844 2998 nu
929 2948 1006 3000 natu
1023 2948 1174 3015 saraae
1192 2950 1220 3000 a
1232 2947 1265 3013 n,
1287 2951 1318 3000 e.
1337 2948 1449 2999 somn
1466 2948 1676 3015 sponmmms
1695 2944 1845 3013 summu]

190 3056 330 3124 EPLARV
345 3053 482 3123 ninsvn.
502 3069 1032 3122 EXPL101T.1N01PITL113ER.VI11.
1051 3069 1151 3134 partim
1172 3071 1200 3119 ia
1221 3087 1276 3122 roe.
1293 3069 1394 3134 partim
1415 3069 1442 3119 in
1459 3085 1543 3135 marq.
1561 3068 1624 3120 add.
1636 3068 1671 3118 M
1675 3068 1693 3132 ¹,
1717 3068 1845 3120 SlDONll

190 3178 329 3244 annaei
345 3177 407 3244 mn
414 3193 469 3243 .vr.
488 3176 769 3244 ercammarus
780 3189 896 3253 ‚vnn
922 3189 1084 3269 sxrurcrr
1103 3175 1546 3255 cmnnsrnonrrffi.v11.c,
1567 3190 1626 3241 aas
1648 3190 1720 3240 sous
1740 3190 1845 3256 apollin.

189 3315 277 3366 snos.
301 3313 466 3380 epistolarum
487 3306 526 3365 un
545 3305 617 3363 vrn'
640 3312 733 3378 Incipit
749 3309 783 3375 n,
800 3281 882 3362 ‘offis
896 3309 1125 3361 monuissem
1143 3311 1239 3363 snam
1259 3297 1395 3363 spanni
1413 3296 1549 3365 uranu.
1568 3295 1846 3363 excussissima

189 3435 291 3487 urnas
310 3434 467 3485 ocrsvvs
484 3441 508 3485 a
525 3434 554 3484 a
565 3434 618 3500 for.
637 3449 686 3498 seq.
704 3437 783 3498 repa.
801 3429 929 3482 rnorem
947 3431 1050 3485 muns
1068 3434 1136 3484 vm.
1150 3433 1176 3484 P
1367 3409 1374 3418 “
