4560 6434
341 847 374 920 G

1045 403 1183 458 RURICII
1201 401 1459 458 EPISTULARUM

1230 700 1275 766 II.

527 854 718 921 DOMINIS
744 855 1016 922 SUBLIIIIBUS
1040 856 1097 921 UT
1119 857 1167 922 IN
1191 855 1387 923 CHRISTO
1410 855 1587 924 DOMINO
1611 856 1979 922 DEVINCTISSIIIIS

696 959 953 1026 FRATRIBUS
977 959 1187 1026 NAMATIO
1211 960 1268 1024 ET
1292 959 1556 1025 UERAUNIAE
1580 958 1809 1026 RURIUIUS.

381 1101 393 1161 l
535 1079 638 1172 Ionan
668 1107 809 1192 reliquas
839 1113 965 1192 grates,
995 1129 1080 1193 quae
1110 1129 1130 1172 a
1157 1127 1208 1172 me
1240 1106 1333 1171 vobis
1364 1107 1433 1172 iure
1463 1106 1655 1173 referendae
1686 1104 1777 1188 su'nt,
1807 1145 1859 1172 ..a
1888 1109 2077 1194 praesentia

430 1232 468 1274 ac
486 1211 668 1276 visitatione
690 1211 819 1297 patroni
840 1211 1019 1275 communis
1035 1209 1145 1275 domni
1160 1210 1340 1275 Postumini
1362 1211 1513 1296 ingentes
1529 1212 1650 1295 gratias
1666 1233 1741 1297 ago,
1763 1211 1848 1297 quod
1865 1212 2076 1298 hospitiolum
2115 1227 2129 1264 ⁵

427 1321 573 1379 nostrum
602 1315 728 1379 lecistis
758 1315 861 1400 ipsius
892 1314 1092 1380 orationibus
1124 1313 1306 1394 inlustrari,
1339 1314 1417 1399 quia
1445 1313 1521 1379 dum
1548 1315 1642 1380 vobis
1673 1315 1810 1381 exhibet
1840 1315 1952 1396 fidem,
1983 1316 2076 1382 nobis

426 1418 539 1482 tribuit
561 1418 830 1484 benedictionem.
869 1426 903 1483 et
925 1419 1003 1482 licet
1021 1417 1118 1482 luerit
1133 1417 1401 1503 vigilantissimus
1419 1418 1595 1503 inspector,
1618 1419 1914 1505 importunissimus
1931 1426 2075 1500 exactor,

427 1520 689 1586 districtissimus
717 1526 905 1602 exsecutor,
940 1521 1026 1587 levia
1058 1527 1167 1585 tamen
1197 1521 1280 1585 haec
1310 1521 1417 1586 omnia
1446 1522 1553 1607 gratia
1581 1529 1692 1589 vestra
1722 1529 1754 1588 et
1783 1524 1965 1589 sanctitatis
1995 1544 2076 1588 suae

427 1624 662 1711 ponderatione
678 1626 897 1711 pensavimus,
921 1625 1008 1711 quia,
1032 1625 1116 1690 sicut
1131 1625 1290 1710 seriptum
1307 1630 1367 1699 est,
1391 1625 1540 1690 caritas
1564 1627 1691 1691 omnia
1715 1629 1903 1708 sustinet,
1927 1627 2075 1692 caritas

427 1750 634 1814 numquam
668 1729 838 1808 excidit,
871 1729 1064 1817 praesertim
1095 1750 1169 1793 curn
1195 1729 1256 1793 hoc
1286 1728 1372 1815 quod
1400 1729 1489 1794 visus
1519 1731 1653 1815 exigere
1682 1730 1777 1795 nobis
1808 1753 1883 1797 eum
1914 1731 2076 1796 oredimus
2104 1748 2131 1785 10

376 1836 395 1896 2
427 1833 481 1898 dei
504 1833 661 1898 beneficio
685 1833 875 1898 contulisse.
919 1833 1030 1920 itaque
1054 1855 1093 1899 eo
1117 1833 1259 1920 propitia
1282 1832 1454 1898 divinitate
1478 1841 1655 1915 remeante,
1685 1857 1748 1900 non
1771 1835 1848 1922 quia
1870 1837 2076 1902 necessariae

429 1944 548 2019 essent,
580 1939 638 2003 sed
661 1939 738 2024 quia
759 1939 830 2024 ipse
853 1939 965 2019 voluit,
994 1937 1081 2018 dedi,
1104 1937 1222 2022 quibus
1246 1936 1434 2002 individuae
1458 1938 1666 2024 germanitati
1689 1945 1819 2004 vestrae
1844 1940 1935 2004 salve
1957 1939 2075 2025 largis-

428 2042 543 2105 simum
567 2041 758 2108 desiderans
782 2040 853 2106 dico
877 2048 910 2105 et
933 2041 996 2106 iter
1018 2063 1127 2107 meum
1149 2046 1359 2127 vestrumque
1390 2051 1602 2128 conspectum
1631 2049 1741 2109 mente
1773 2044 1949 2129 praevenio
1975 2049 2075 2129 atque

427 2147 548 2226 omnia,
578 2147 662 2212 sicut
685 2147 827 2211 iussistis
852 2152 886 2211 et
908 2146 1042 2232 dignum
1065 2168 1103 2211 ac
1127 2147 1273 2211 debitum
1297 2147 1371 2226 fnit,
1402 2147 1564 2232 inspecta,
1597 2146 1730 2227 tradita,
1761 2147 1890 2211 lirmata
1919 2146 2075 2232 significo.

379 2252 397 2314 3
431 2270 491 2313 nec
515 2269 640 2330 vereor,
665 2250 752 2334 quod
774 2250 896 2315 debeat
918 2250 1044 2315 animos
1068 2255 1193 2315 vestros
1217 2250 1269 2315 vel
1294 2250 1530 2336 aliquantisper
1553 2251 1729 2331 offendere,
1754 2249 1839 2337 quod
1862 2271 1960 2314 unum
1975 2271 2075 2314 voca·
2105 2265 2130 2304 1⁵

427 2353 539 2418 bulum
569 2353 610 2418 de
641 2354 751 2419 libello
781 2354 867 2419 dotis
896 2355 1026 2419 videtur
1056 2375 1128 2420 esse
1161 2355 1378 2428 subtractum
1416 2376 1489 2418 cum
1517 2354 1580 2418 hoc
1608 2353 1694 2439 quod
1725 2353 1817 2419 deest
1846 2375 1981 2419 numero
2012 2376 2077 2419 non

428 2457 533 2520 solum
557 2463 801 2543 compensatum
826 2456 882 2521 sed
907 2458 1005 2522 etiam
1028 2463 1160 2523 auctum
1183 2457 1361 2542 agnoscitis
1385 2457 1417 2521 in
1441 2457 1567 2522 marito.

1221 2770 1284 2834 III.

531 2927 705 2992 DOMNIS
729 2925 1004 2992 SUBLIMIBUS
1028 2927 1085 2990 ET
1109 2926 1156 2990 IN
1181 2926 1376 2991 CHRISTO
1400 2925 1577 2994 DOMINO
1601 2925 1968 2990 DEVINOTISSIMIS

699 3027 954 3093 FRATRIBUS
978 3028 1185 3093 NAMATIO
1211 3028 1266 3092 ET
1291 3027 1553 3093 OERAUNIAU
1578 3027 1805 3092 RURIOIUS.
2105 3043 2132 3082 2⁰

380 3175 391 3236 1
534 3145 639 3256 Quas
662 3177 805 3260 graviter
828 3176 889 3239 sim
911 3173 953 3238 de
975 3175 1066 3238 luctu
1089 3181 1198 3239 vestro
1222 3175 1326 3239 nuntii
1355 3175 1527 3240 atrocitate
1559 3176 1746 3262 perculsus,
1779 3177 1907 3241 facilius
1931 3198 1989 3241 vos
2019 3197 2077 3261 pro

428 3288 539 3346 mutuo
563 3280 700 3368 potestis
724 3300 833 3343 amore
859 3279 1020 3354 conicere,
1048 3298 1145 3362 quam
1168 3299 1229 3363 ego
1253 3267 1374 3366 possIm
1398 3278 1517 3343 litteris
1540 3279 1701 3359 intimare,
1731 3282 1806 3364 quia
1829 3281 1956 3345 animus
1980 3279 2078 3344 nimio

429 3409 582 3454 maerore,
599 3385 778 3465 conlectus,
802 3383 887 3469 quod
911 3382 1020 3446 horret
1043 3384 1200 3462 recolere,
1223 3384 1331 3447 renuit
1355 3383 1524 3470 expedire,
1560 3384 1669 3464 doleo,
1691 3385 1808 3448 fratres
1832 3383 2077 3462 devinctissimi,

377 3497 397 3557 2
430 3499 496 3556 tam
530 3491 649 3554 acerbo
684 3489 773 3552 casui
804 3494 914 3553 vestro
945 3493 978 3551 et
1007 3492 1076 3550 toto
1108 3487 1206 3552 corde
1239 3490 1426 3572 compatior.
1481 3510 1555 3552 nam
1589 3489 1649 3553 etsi
1680 3488 1720 3552 ad
1753 3510 1911 3574 praesens
1940 3511 1959 3552 a
1986 3488 2079 3552 vobis

428 3597 612 3683 disparatus
641 3615 712 3658 sum
741 3613 890 3678 corpore,
922 3599 1031 3656 tamen
1060 3611 1189 3676 semper
1212 3599 1321 3656 niente
1346 3592 1534 3676 coniungor,
1565 3599 1598 3655 et
1621 3591 1697 3656 dum
1721 3615 1740 3656 a
1764 3591 1856 3656 vobis
1881 3592 1989 3656 animo
2013 3613 2078 3656 non
2106 3603 2131 3644 ²³

428 3699 555 3778 recedo,
578 3696 765 3784 planetibus
781 3694 900 3761 vestris
924 3696 1083 3759 interesse
1107 3715 1160 3758 me
1184 3695 1293 3774 credo,
1317 3697 1392 3780 quia
1408 3696 1586 3760 secundum
1603 3695 1745 3760 divinam
1763 3698 1960 3762 sententiam
1977 3694 2078 3781 quod

428 3806 584 3891 patItur
606 3824 722 3867 unum
745 3800 960 3865 membrum
984 3800 1114 3862 omnia
1137 3799 1310 3864 membra
1340 3801 1638 3884 compatiuntur
1660 3801 1693 3864 in
1717 3821 1863 3886 corpore.
1907 3821 1966 3864 nos
1990 3799 2078 3864 enim

430 3930 493 3973 non
518 3907 623 3972 solnm
646 3905 710 3971 tide
734 3924 1006 3990 concorporamur
1029 3904 1062 3968 in
1087 3904 1227 3984 Christe,
1251 3903 1309 3969 sed
1334 3905 1432 3968 etiam
1455 3904 1593 3969 liliorum
1616 3905 1844 3970 coniunctione
1868 3905 2078 3970 conectimur.

377 4015 395 4077 3
428 4012 514 4077 unde
538 4010 650 4089 etiam,
681 4010 707 4072 si
731 4030 882 4072 aurarum
906 4013 998 4070 tanta
1020 4007 1233 4092 intemperies
1255 4007 1478 4093 permisisset,
1511 4007 1552 4072 ad
1576 4008 1728 4073 solandos
1752 4030 1810 4074 vos
1838 4031 1897 4095 pro
1930 4008 2078 4094 epistulis

429 4117 499 4201 ipse
523 4113 698 4178 venissem.
742 4110 800 4176 sed
823 4110 898 4196 quid
920 4111 1069 4189 facimus,
1090 4111 1217 4197 ¹iratres
1240 4110 1363 4195 optimi,
1394 4110 1478 4196 quod
1502 4111 1633 4176 divinae
1657 4113 1811 4178 resistere
1834 4113 1969 4178 iussioni
1994 4111 2077 4176 sicut
2105 4124 2131 4163 ³⁰

428 4220 547 4283 virtute
571 4237 635 4281 non
660 4236 843 4302 possumus,
870 4215 917 4278 ita
938 4236 998 4278 nec
1022 4217 1189 4279 voluntate
1214 4214 1430 4284 debemus.et
1453 4215 1540 4279 omni
1563 4215 1775 4300 advigilantia
1793 4237 2002 4302 praecavere,
2026 4237 2079 4296 ne,

428 4322 505 4387 dum
528 4321 637 4384 dulcia
659 4318 753 4384 nobis
776 4318 914 4404 pignora
936 4318 1034 4381 nimio
1057 4317 1169 4383 dolore
1192 4318 1359 4399 deflemus,
1385 4319 1568 4405 blasphemi
1585 4326 1642 4384 aut
1656 4319 1797 4406 quodam
1813 4319 1910 4384 modo
1930 4319 2073 4382 iniuriosi

429 4426 633 4491 inveniamur
666 4424 698 4488 in
734 4421 864 4486 domino
899 4429 932 4486 et
965 4421 1096 4506 gravius
1129 4423 1270 4487 animam
1304 4428 1450 4487 nostram
1490 4429 1605 4488 auctor
1637 4423 1738 4509 ipsius
1777 4423 1905 4502 mortis,
1947 4423 2080 4486 inventa

377 4537 396 4595 4
428 4531 617 4609 occasione,
650 4526 830 4606 confodiat,
861 4547 957 4610 quarn
988 4547 1135 4592 carorum
1163 4528 1340 4592 amissione
1370 4530 1542 4613 percussit.
1587 4529 1661 4593 ideo
1690 4529 1723 4592 in
1753 4529 1839 4592 omni
1863 4528 2078 4593 amaritudine

431 4637 482 4700 vel
506 4634 617 4699 dolore
641 4633 682 4698 ad
706 4632 796 4696 illurn
820 4631 915 4695 nobis
938 4630 1166 4716 refugiendum
1190 4638 1242 4697 est
1265 4639 1298 4696 et
1321 4631 1362 4696 ad
1384 4632 1475 4697 illurn
1500 4654 1613 4698 curnes
1638 4654 1735 4697 casus
1759 4633 1861 4696 nostri
1885 4639 1951 4696 toto
1982 4631 2079 4696 corde
2107 4644 2131 4683 ³⁵

430 4784 841 4794 ‚„—-.-..—„—...-.,.....—..-.

531 4894 547 4946 a
565 4892 586 4946 1.
606 4892 666 4947 cor.
685 4891 759 4956 nnn¹
778 4893 802 4946 r.
821 4892 845 4945 a.
933 4893 966 4944 aa
985 4893 1005 4945 1.
1025 4875 1084 4946 cor,
1104 4891 1164 4956 nu,
1184 4873 1226 4947 aa.

472 5055 473 5060 ¹
531 5034 722 5087 TeublimisU
786 5033 1004 5086 deuictissimieG
1106 5031 1256 5085 3namaci0
1271 5035 1295 5084 G
1397 5031 1511 5100 Agnetis
1526 5035 1575 5097 6¹,
1592 5052 1660 5085 corr.
1731 5049 1777 5098 pro
1795 5033 1919 5098 supplevit
1932 5031 2081 5098 Lit'tjohanu

428 5119 617 5188 buisitatione]
638 5122 795 5188 bajolans,
818 5117 864 5186 n(i
878 5117 973 5184 raa.)si
987 5118 1061 5184 (atil
1079 5117 1215 5187 corilione
1235 5120 1258 5171 G
1337 5129 1443 5187 patrono
1464 5119 1496 5182 (Ι,
1513 5137 1580 5170 corr.
1660 5115 1755 5184 domni]
1778 5119 1801 5167 G
1919 5113 2080 5183 brrostrum]

429 5207 587 5274 lattjohcnn,
604 5215 719 5261 uestrum
741 5208 764 5258 G
876 5205 1031 5258 8sanctitas
1052 5205 1075 5256 θ
1141 5259 1142 5264 ,
1187 5205 1219 5257 11
1238 5207 1349 5274 propitia
1367 5202 1509 5270 diuinitate]
1529 5205 1687 5271 Lvujolann,
1712 5206 1745 5271 cs.
1763 5205 1837 5270 infra
1856 5203 1898 5267 ΙΙ,
1915 5207 1955 5265 63,
1980 5203 2082 5270 propria

428 5296 562 5348 diuinitate
582 5295 644 5358 (0¹,
667 5297 770 5348 ciuitate
791 5293 841 5358 θ’)
865 5293 900 5357 G,
925 5294 1024 5360 propria
1048 5293 1154 5344 ciuitate
1173 5292 1292 5344 Oaniaiur
1432 5289 1464 5342 12
1489 5289 1556 5357 dedi]
1581 5292 1626 5342 has
1651 5291 1821 5352 chaideruna,
1843 5298 1871 5339 ut
1888 5291 1962 5356 insra
1981 5288 2017 5338 ΙΙ
2019 5325 2026 5352 ,
2046 5293 2078 5340 55

430 5380 463 5432 15
485 5380 678 5449 aliquantisper]
703 5400 720 5432 n
738 5399 758 5432 a.
777 5382 794 5432 l.
815 5381 853 5433 G¹
976 5377 1009 5430 ll
1034 5375 1135 5445 marito]
1160 5380 1260 5446 scripsi,
1285 5381 1374 5431 merito
1395 5381 1418 5430 G
1541 5375 1573 5428 19
1596 5375 1705 5444 domnis]
1728 5378 1750 5427 0
1836 5373 1940 5442 christo]
1960 5376 2040 5441 periit
2060 5376 2082 5426 G

429 5465 464 5518 TU
481 5443 637 5519 dnmaciodl
705 5467 865 5520 ceruniueG
968 5464 1000 5516 21
1022 5465 1136 5516 nuntiU
1238 5461 1273 5516 24
1290 5465 1422 5517 acerqu
1491 5461 1528 5530 et]
1548 5465 1619 5516 exG
1721 5460 1755 5514 25
1773 5459 1929 5530 disparatus]
1946 5462 1994 5526 0¹,
2011 5479 2082 5529 sepa·
2161 5479 2162 5482 ¹

429 5561 500 5604 ratus
515 5553 563 5617 0²,
580 5555 614 5620 cs.
632 5555 706 5621 infra
724 5554 766 5617 ΙΙ,
783 5556 816 5605 36
927 5551 962 5604 ‘28
980 5569 1193 5620 concorporamur
1208 5552 1230 5604 θ
1343 5550 1378 5604 30
1395 5552 1440 5604 sed
1458 5553 1519 5618 qnid
1538 5579 1572 5586 -
1587 5569 1614 5616 p.
1628 5553 1684 5614 313,
1703 5551 1720 5601 l.
1737 5555 1753 5601 9
1770 5547 1942 5617 assumptum]
1961 5549 2082 5600 Ruricius

429 5642 504 5707 infra
522 5639 563 5704 ΙΙ,
575 5643 608 5692 39
624 5642 736 5706 repetivit
847 5639 880 5692 31
898 5637 1076 5707 aduigilantia]
1095 5639 1266 5692 sollicitudine
1284 5641 1358 5707 infra
1377 5640 1419 5702 ΙΙ,
1432 5641 1467 5691 39
1579 5635 1613 5687 33
1631 5633 1729 5703 mortis]
1746 5637 1820 5704 infra
1838 5637 1880 5702 ΙΙ,
1891 5640 1931 5702 39,
1948 5635 2084 5687 meritisG

428 5725 463 5778 34
481 5728 590 5794 ideoque
608 5728 682 5793 infra
700 5727 741 5791 ΙΙ,
759 5731 791 5779 39
893 5726 928 5780 35
945 5723 1030 5794 illum]
1050 5727 1126 5777 deum
1144 5727 1218 5794 infra
1236 5727 1278 5792 ΙΙ,
1295 5731 1327 5780 39
1396 5723 1458 5794 toto]
1478 5733 1541 5777 catr.
1560 5742 1575 5775 o
1593 5741 1613 5774 a.
1632 5724 1649 5774 l.
1671 5723 1711 5774 θ’
