4732 6436
753 404 960 460 PRAEFATIO
980 405 1019 458 IN
1039 404 1213 460 FAVSTVM
1231 405 1411 463 KRUSCHII.
1863 412 1909 462 LV

251 577 379 641 finitur:
409 595 527 672 causa,
554 596 637 656 quae
667 577 752 642 inter
781 584 927 643 sanctum
956 579 1135 659 qrisccpum
1165 579 1365 644 Theodoram
1394 585 1424 644 et
1453 584 1599 644 sanctam
1630 580 1836 646 Valerianum
1863 581 1910 645 ael

251 685 398 746 sanctum
420 680 605 745 Macrinium
633 681 708 746 itam
738 682 895 763 macanos
921 688 1016 764 atquc
1042 683 1183 748 abbatem
1206 683 1367 749 Faustam
1395 706 1452 750 nac
1481 705 1546 749 nou
1571 673 1601 748 et
1627 684 1765 766 reliquos
1790 687 1909 767 fratres

251 787 377 852 insulae
398 788 585 852 Lerincnsis
605 789 774 854 acciderat.
819 791 1058 879 Episcoporum
1081 792 1135 878 qui
1159 790 1235 854 huic
1259 788 1382 874 synodo
1399 789 1580 853 intererant
1597 787 1691 852 sodes
1709 790 1742 852 in
1762 788 1908 855 ‘Institu-

252 890 350 957 tione'
373 913 437 956 non
459 891 619 956 indicatas
643 893 739 959 hodie
757 897 941 960 accuratius
956 896 1148 961 Mabillonio
1164 894 1325 980 (Annales
1343 893 1411 958 ord.
1428 893 1461 959 S.
1481 892 1652 958 Benedicti
1668 893 1724 958 lib.
1737 893 1764 970 Ι,
1788 915 1834 958 nr.
1853 893 1908 980 40)

254 1016 438 1082 proponere
462 1016 647 1081 possumus.
691 995 762 1062 Iam
786 999 873 1064 anim
897 1006 1071 1086 postquam
1093 999 1260 1079 Maasseu,
1286 995 1416 1079 Qaelhn
1438 997 1491 1061 des
1513 997 1723 1062 canonisohen
1745 997 1861 1062 Rechts
1882 998 1909 1078 I,

254 1122 285 1185 p.
303 1102 485 1180 aar-953,
508 1100 641 1165 nomina
656 1102 894 1188 episcoporum,
919 1103 973 1188 qui
990 1102 1213 1168 Arausioanae
1232 1108 1265 1166 et
1276 1101 1476 1166 Vasionensi
1494 1100 1619 1186 synodo
1633 1101 1908 1188 subscripserunt,

254 1225 272 1267 e
300 1203 410 1268 codiee
442 1203 629 1270 Coloniensi
660 1207 760 1287 eruit,
790 1211 918 1271 constat
950 1204 1141 1291 Asclepium
1176 1225 1240 1268 non
1268 1203 1452 1289 Aptensem
1481 1206 1674 1291 episcopum
1703 1205 1821 1287 luisse,
1851 1205 1910 1271 scd

256 1305 531 1386 Oavellioenscm,
555 1307 684 1373 Iustum
707 1331 773 1374 non
795 1309 1083 1389 valentinensem,
1114 1308 1172 1374 sed
1194 1307 1451 1388 Arausicauum,
1476 1307 1645 1373 Salonium
1669 1309 1910 1376 Genavensem.

252 1410 305 1476 De
334 1417 481 1498 tempore
514 1411 575 1476 hoc
607 1413 712 1477 solum
741 1419 869 1479 constat
908 1412 1067 1499 synodum
1093 1411 1264 1478 Raveunio
1296 1411 1370 1475 vivo
1400 1432 1474 1477 csse
1502 1412 1716 1494 celebratam,
1745 1414 1765 1479 i.
1783 1433 1812 1480 e.
1836 1420 1911 1479 ante

254 1517 364 1580 11462
387 1514 466 1597 Ian,
498 1536 562 1600 quo
586 1516 720 1581 Hilarus
748 1539 835 1604 papa
857 1517 899 1582 ad
922 1517 1096 1581 Leontium
1120 1515 1353 1581 Arelatensem
1382 1515 1508 1580 litteras
1538 1515 1629 1582 dedit
1655 1515 1755 1601 (datie
1780 1516 1830 1584 ed.
1855 1519 1910 1583 alt.

254 1641 301 1684 nr.
320 1619 406 1705 552).

364 1723 447 1788 Oum
470 1724 524 1790 die
549 1727 600 1788 27.
617 1724 853 1810 Novembris1)
877 1747 961 1792 anno
985 1727 1109 1792 incerto
1134 1726 1235 1811 (inter
1257 1747 1287 1792 a.
1304 1729 1366 1789 450
1390 1732 1423 1790 et
1447 1723 1523 1807 462)
1547 1724 1712 1788 Maximus
1736 1726 1911 1812 episcopus

254 1827 339 1892 diem
357 1849 543 1913 supremum
560 1828 706 1906 obiisset,
730 1829 890 1895 Reienses
906 1830 939 1894 in
960 1831 1067 1895 locum
1083 1831 1153 1895 eius
1170 1830 1325 1894 abbatem
1340 1828 1555 1892 Lerinensem
1572 1835 1767 1893 creaverunt
1783 1830 1911 1916 episco-

254 1953 341 2018 pum,
365 1931 451 1997 uude
476 1932 628 1998 Sidonius
651 1934 684 1996 in
707 1932 901 1998 Eucharisto
924 1934 966 2000 ad
989 1935 1147 2000 Faustum
1170 1936 1360 2020 episcopum
1385 1932 1436 2018 (O.
1459 1931 1552 2013 XVI,
1570 1931 1660 2017 113):

518 2036 625 2101 urbem
647 2042 684 2101 tu
705 2038 799 2102 cuins
821 2037 973 2122 (Maximi
997 2039 1080 2124 soil.)
1103 2039 1330 2119 monachosque
1351 2037 1484 2102 antistes
1505 2041 1535 2100 et
1556 2035 1653 2100 abhas

519 2141 566 2205 his
587 2162 745 2206 umcessor
766 2143 844 2224 apis.

255 2244 289 2308 Is
327 2246 500 2331 episcopus
538 2246 646 2311 factus
684 2266 757 2310 eam
799 2248 886 2312 vitae
927 2247 1196 2314 consuetudinem
1237 2246 1385 2324 retinuit,
1431 2264 1528 2330 quam
1568 2248 1758 2308 servaverat
1796 2241 1913 2306 abbas:

248 2369 382 2427 raecum
401 2349 531 2430 peritus
556 2349 797 2428 insulanarum,
828 2372 910 2432 quas
937 2352 975 2415 de
995 2351 1164 2433 patrastra
1189 2350 1437 2435 conpreyationis
1464 2347 1658 2413 heremitidis
1684 2353 1714 2412 et
1743 2347 1780 2412 de
1801 2353 1915 2412 serrata

254 2451 477 2516 Lirinensium
491 2451 719 2520 cellulanorum
742 2457 778 2519 iu
793 2456 901 2520 ratem
915 2477 1046 2537 quaque,
1068 2458 1162 2521 cicius
1177 2456 1322 2521 ecclcsiae
1340 2475 1434 2519 sacra
1448 2452 1685 2533 supmirrsrricis,
1708 2450 1913 2528 traustidisti,

253 2553 303 2618 nil
324 2555 364 2620 ah
386 2555 497 2620 abbate
519 2562 663 2622 mutatus
679 2579 740 2638 per
761 2559 960 2636 sacerdotem,
982 2560 1099 2643 quippe
1120 2581 1192 2623 cum
1214 2579 1312 2624 norae
1334 2557 1503 2640 dipnitatis
1517 2556 1643 2621 obtentu
1656 2555 1789 2637 riycrem
1803 2554 1915 2618 ceteris

257 2657 445 2740 disciplinae
466 2680 531 2724 nau
551 2660 745 2726 remeaveris
768 2661 894 2747 (Sidon.
919 2684 969 2748 ep.
994 2662 1054 2742 IX,
1078 2665 1107 2743 3,
1131 2685 1162 2748 p.
1184 2663 1331 2747 l5l,25).
1376 2660 1590 2747 Disciplinam
1607 2659 1678 2724 cius
1695 2658 1915 2745 episcopalem

254 2763 342 2828 idem
366 2763 520 2830 Sidonius
544 2765 580 2831 O.
604 2765 696 2846 XVI,
713 2768 749 2830 91
768 2787 837 2852 sqq.
861 2767 912 2830 his
936 2767 1087 2831 versibus
1110 2766 1330 2852 praedicavit:

651 2869 715 2936 Sca
737 2875 766 2934 te
787 2865 970 2950 flammatae
996 2876 1097 2954 syrtes
1126 2877 1155 2935 ct
1180 2870 1341 2951 inhospita
1370 2875 1479 2950 tesqua

651 2997 708 3040 sea
729 2996 825 3040 caeno
846 2975 1006 3040 ciridante
1021 2973 1123 3056 palus
1143 2996 1200 3040 sen
1221 2975 1316 3057 niqra
1337 2995 1460 3038 recessu

654 3078 810 3144 incultum
832 3100 920 3162 mapa
941 3100 1023 3144 sana
1046 3083 1166 3158 tenent,
1189 3079 1246 3144 uhi
1266 3077 1328 3144 sole
1349 3082 1465 3142 remota

654 3203 791 3248 concaua
813 3183 978 3266 hicpaeaas
1000 3189 1165 3248 asservant
1187 3189 1285 3248 antra
1307 3183 1468 3259 tenebram

652 3308 709 3352 scu
731 3293 760 3352 te
776 3288 965 3369 praeruptis
980 3293 1128 3372 paracta
1149 3287 1186 3352 in
1207 3287 1341 3367 rupidus
1363 3284 1458 3366 Alpis

652 3391 827 3456 succinctos
847 3391 948 3474 polida
970 3391 1119 3456 libantem
1142 3392 1276 3473 caespite
1299 3409 1432 3468 somnos,

653 3495 854 3574 urrachareta,
879 3495 983 3560 tremit
1005 3501 1102 3579 (qnae
1124 3517 1318 3578 quamquam
1339 3494 1462 3576 triana
1478 3496 1594 3574 portet,

591 3599 632 3662 98
656 3603 836 3679 concentum
862 3597 984 3666 Christi
1005 3619 1180 3681 numquam
1202 3596 1388 3664 donatilla
1410 3595 1574 3676 cahrrem),·

573 3809 632 3869 104
655 3827 711 3869 sen
733 3811 762 3870 te
784 3805 922 3872 Ia'rinas
937 3806 1084 3888 prismm
1107 3806 1266 3888 cnaphea
1281 3809 1449 3888 parentem
1471 3807 1525 3881 est,

653 3929 719 3990 qua
741 3913 778 3972 tn
799 3910 865 3974 iam
887 3910 1013 3990 fractus
1028 3931 1091 3991 pro
1113 3931 1229 3993 mapua
1251 3931 1343 3991 saepe
1364 3908 1467 3990 quieta

655 4011 822 4092 discipulis
843 4013 960 4077 seruire
980 4014 1068 4078 acuis
1089 4014 1202 4096 maana
1225 4015 1291 4080 otia
1312 4012 1423 4090 somni,

657 4117 712 4180 aia
733 4122 834 4182 coctos
855 4122 987 4198 capture
1009 4118 1093 4182 cibos
1114 4119 1285 4184 abstemius
1305 4138 1417 4182 aarum

575 4222 633 4285 108
657 4221 749 4285 ducis
770 4225 800 4285 et
821 4220 951 4286 insertis
966 4222 1078 4304 pineis
1099 4222 1224 4288 ieiunia
1239 4221 1396 4302 psalmia·

575 4433 634 4494 116
657 4451 714 4493 seu
736 4433 765 4492 tc
787 4430 969 4494 commissus
985 4429 1127 4513 papulus
1148 4436 1230 4496 tenet
1251 4435 1281 4494 et
1301 4430 1406 4494 mium
1427 4428 1523 4493 audet

656 4538 685 4597 te
706 4533 807 4598 undio
829 4533 967 4597 turuidos
987 4535 1146 4599 maiorum
1168 4541 1302 4599 tcurucra
1323 4552 1439 4610 mores;

655 4658 712 4700 scu
734 4641 770 4700 tu
792 4636 947 4701 sollicitus
970 4657 1080 4716 caras,
1103 4659 1169 4720 qua
1191 4637 1364 4719 laupuidus
1385 4657 1456 4700 esca

655 4761 755 4822 quave
771 4742 962 4822 percarinns
983 4742 1085 4818 circat,
1107 4741 1187 4823 qnid
1202 4745 1319 4822 pascat
1341 4743 1370 4804 ct
1393 4739 1493 4817 illurn,

655 4844 778 4909 tnlrrica
799 4866 897 4909 crura
919 4846 973 4910 cui
996 4851 1106 4919 tmuat
1127 4846 1185 4910 sul)
1207 4845 1348 4925 cairande
1371 4863 1493 4921 caraem

654 4970 711 5013 scu
733 4970 821 5031 inape
842 4950 1010 5030 fanmilms
1031 4955 1163 5015 nantem
1184 4950 1359 5013 distractus
1380 4947 1562 5024 humandis,

656 5052 756 5117 lichia
777 5053 919 5134 rtcfuucti
940 5055 970 5118 si
986 5055 1144 5136 pauperis
1166 5075 1237 5120 ossa
1258 5055 1424 5130 virescant,

658 5156 876 5237 infastiditum
898 5157 964 5238 fers
986 5159 1053 5239 ipsc
1074 5158 1119 5222 ad
1140 5159 1234 5224 busta
1256 5157 1408 5234 caducam

655 5282 712 5324 sca
734 5267 763 5326 te
784 5264 963 5342 cmrspicuis
983 5263 1136 5346 madibus
1158 5261 1344 5328 venerahilis
1366 5281 1443 5324 arae

656 5367 913 5432 contionaturum
929 5367 1018 5448 plebs
1040 5367 1150 5432 sedula
1173 5367 1387 5444 circumsistit,

659 5469 817 5549 repositae
839 5469 914 5552 lepis
936 5471 1020 5535 lrilrat
1042 5471 1177 5535 aurilms
1197 5475 1234 5534 ut
1256 5469 1446 5533 crudiatuum
1469 5488 1496 5531 e.
1515 5489 1544 5552 q.
1559 5491 1584 5530 s.

367 5697 388 5764 ¹)
407 5695 447 5751 Ol.
461 5696 493 5751 V.
507 5696 532 5750 S.
545 5694 660 5748 Mummi
677 5697 789 5750 auctore
803 5695 939 5764 Dynamio
958 5694 1033 5765 apud
1053 5694 1172 5760 Surium,
1193 5695 1233 5748 De
1251 5691 1376 5763 probatis
1389 5694 1548 5747 sanctorum
1562 5689 1685 5748 historiis
1699 5688 1812 5753 tom.VI,
1826 5707 1853 5758 p.
1861 5691 1920 5744 605.
