4560 6434
817 433 928 489 LIBER
945 433 980 497 Π,
1002 432 1029 487 11
1047 432 1062 501 fl
1083 433 1097 486 1
1117 461 1149 472 -·
1168 429 1207 486 Ν
1225 431 1241 500 ὅ
1259 431 1283 486 7.
1809 436 1871 500 313

226 609 404 688 referendi,
432 611 485 695 qui
509 616 604 674 sanat
626 610 828 688 vulneratos,
859 609 913 694 qui
936 608 1062 673 relevat
1083 613 1246 688 maestos,
1270 609 1324 691 qni
1348 611 1533 673 consolatur
1550 607 1713 684 adflictos.
1760 614 1793 673 et
1816 608 1873 672 illa
1928 605 1961 676 G

226 716 329 779 sancti
346 715 405 780 Iob
428 716 733 779 sententiaomnino
749 714 888 779 di'cenda
904 721 967 778 cst:
993 713 1175 777 dominus
1199 711 1320 786 dedit,
1345 711 1535 775 dominus
1558 711 1741 790 abstulit,
1766 713 1872 776 sicut

227 818 381 883 domino
412 820 577 905 placuit,
609 819 668 882 ita
699 825 737 882 et
768 818 911 883 factum
939 824 1013 882 est:
1046 818 1101 880 sit
1131 837 1273 880 nomen
1301 815 1444 879 domini
1476 815 1736 890 benedictum.
1790 815 1871 879 haec
1904 819 1933 904 5Ι

226 945 320 1009 ergo,
348 923 469 988 domini
493 923 633 1010 pectoris
656 923 735 1004 mei,
759 922 904 988 scribere
928 921 1020 986 vobis
1043 921 1163 986 idcirco
1185 918 1405 1006 praesumpsi,
1427 923 1463 982 ut
1486 917 1632 983 dolorem
1656 939 1870 996 communem,

187 1041 198 1078 ⁵
226 1049 322 1113 quem
345 1027 489 1092 sciebam
512 1026 598 1112 quod
619 1027 728 1092 verbis
753 1027 833 1114 mels
857 1025 1008 1111 mitigare
1031 1046 1096 1089 non
1119 1031 1283 1110 poteram,
1312 1023 1364 1086 vel
1392 1021 1509 1086 divinis
1533 1021 1672 1107 eloquiis
1695 1028 1871 1107 utcumque

226 1129 423 1196 moderarer.
469 1151 546 1195 vers
568 1152 633 1195 nou
656 1131 825 1194 minimum
848 1129 986 1215 potestis
1016 1149 1132 1213 capere
1163 1126 1204 1191 de
1228 1124 1348 1190 Christi
1371 1124 1538 1189 voluntate
1570 1125 1742 1205 solacium,
1775 1125 1871 1210 quod,
1904 1128 1924 1188 6

227 1241 387 1319 qnatenus
421 1235 528 1319 ipsum
562 1234 753 1298 immaturus
787 1233 941 1298 manebat
974 1233 1144 1311 interitus,
1179 1232 1279 1295 talem
1314 1250 1389 1294 eum
1425 1237 1476 1293 cst
1510 1229 1663 1314 dignatus
1693 1251 1871 1308 assumere,

227 1341 370 1426 qualium
402 1360 537 1424 regnum
567 1338 649 1403 dixit
680 1361 754 1403 esse
786 1339 967 1410 caelorum;
1000 1343 1037 1401 ut
1065 1343 1100 1402 ct
1130 1341 1304 1420 patronum
1334 1333 1500 1398 haberetis
1532 1355 1574 1397 ex
1604 1333 1671 1397 filio
1704 1339 1738 1398 et
1766 1333 1872 1396 minus

227 1443 383 1509 doleretis
406 1443 573 1524 amissum,
597 1464 693 1529 quem
717 1465 736 1508 a
759 1441 890 1507 domino
913 1440 1077 1508 videbatis
1100 1446 1316 1526 assumptum.

1019 1823 1079 1888 IV.

319 1980 511 2047 DOMINIS
536 1981 807 2046 SUBLIMIBUS
831 1979 889 2044 ΕΤ
912 1978 960 2042 ΙΝ
985 1977 1182 2043 CHRISTO
1205 1977 1384 2043 DOMINO
1409 1976 1776 2042 DEVINOTISSIMIS

497 2084 752 2150 FRATRIBUS
775 2083 983 2148 NAMATIO
1007 2081 1065 2146 ET
1089 2080 1352 2147 OERAUNIAE
1376 2080 1601 2146 RURICIUS.

328 2200 476 2312 saarim,
500 2230 659 2296 carissimi
674 2230 803 2310 fratres,
826 2251 885 2316 per
900 2229 1082 2293 communis
1098 2230 1206 2293 luctus
1223 2229 1472 2294 acerbissimum
1488 2251 1601 2293 casum
1616 2229 1711 2294 vobis
1727 2229 1869 2294 scribere
1904 2234 1917 2292 1

220 2339 281 2398 'aut
304 2333 345 2399 ad
369 2357 426 2399 vos
449 2335 563 2402 venire
586 2335 741 2422 disposui,
765 2332 824 2399 sed
848 2353 979 2418 semper
1002 2353 1053 2398 mo
1078 2340 1112 2397 et
1135 2332 1176 2396 ab
1200 2333 1326 2397 itineris
1348 2333 1517 2418 procinctu
1540 2333 1710 2398 infirmitas
1726 2333 1869 2419 corporis

173 2451 198 2488 1⁵
224 2443 258 2500 et
281 2437 322 2502 ab
346 2437 516 2524 epistulari
539 2439 644 2504 officio
668 2438 787 2502 nimius
818 2436 909 2502 dolor
938 2435 1043 2501 cordis
1076 2437 1224 2502 retraxit.
1268 2457 1344 2500 nam
1375 2436 1402 2500 si
1431 2436 1561 2521 quando
1590 2436 1631 2500 ad
1664 2436 1870 2502 scribendum
1903 2439 1923 2498 2

224 2541 366 2606 animum
390 2565 461 2607 sum
486 2549 621 2607 conatus
644 2541 830 2622 intendore,
861 2541 972 2605 statim
996 2562 1109 2605 sensus
1133 2540 1271 2621 horruit,
1301 2561 1393 2606 mens
1423 2541 1546 2626 refugit
1574 2547 1608 2605 et
1637 2542 1684 2606 ita
1710 2542 1788 2606 mihi
1812 2563 1869 2627 pro

224 2646 425 2710 sermonibus
450 2669 580 2734 semper
602 2647 698 2712 fletus
725 2645 878 2726 occurrit,
910 2652 946 2710 ut
975 2645 1065 2731 prius
1095 2645 1250 2730 paginam
1275 2645 1480 2708 lacrimarum
1503 2644 1606 2710 imbre
1629 2645 1869 2730 perfunderem,

223 2769 319 2833 quam
342 2749 415 2815 stilo
438 2751 618 2836 pingerem,
642 2751 728 2814 sicut
750 2749 832 2814 dixit
855 2750 911 2814 illc
934 2757 1104 2835 paternam
1128 2749 1278 2813 indicans
1302 2748 1343 2814 ds
1367 2749 1425 2813 filii
1449 2749 1624 2814 amissione
1647 2750 1819 2834 pietatem:

582 2872 644 2936 bis
668 2877 833 2936 conatus
857 2877 942 2936 erat
965 2891 1079 2935 casus
1104 2869 1307 2956 effingere
1329 2871 1370 2934 in
1392 2891 1504 2950 auro,

170 2987 196 3026 ²⁰
582 2976 646 3040 bis
671 2977 821 3062 patriae
846 2974 1026 3041 cecidere
1049 2996 1208 3055 manus,

222 3095 275 3158 rel
305 3095 392 3180 qnod
421 3096 530 3184 potius
558 3119 579 3161 a
608 3119 660 3162 mc
690 3096 823 3176 dicitur,
858 3097 1012 3182 quoniam
1044 3081 1215 3181 negabat
1250 3095 1446 3160 consolari
1477 3093 1609 3159 anima
1637 3115 1733 3160 mea.
1784 3094 1870 3158 hand
1902 3097 1920 3157 3

221 3191 348 3262 iniuria.
393 3200 522 3285 perdidi
545 3202 631 3267 enim
654 3201 765 3282 filiam,
794 3222 889 3287 quam
914 3208 1022 3266 etms
1046 3201 1232 3286 suscepisse
1256 3208 1290 3266 et
1311 3222 1370 3264 vos
1394 3201 1547 3286 genuisse
1571 3198 1770 3284 gratulabar,
1794 3222 1868 3285 per-

223 3301 288 3366 didi
309 3305 393 3369 vitae
417 3307 584 3384 solacium,
607 3306 811 3392 posteritatis
836 3327 938 3391 spem,
962 3304 1061 3370 decus
1076 3305 1230 3384 familiae,
1255 3304 1363 3370 cordis
1378 3303 1543 3390 gaudium,
1566 3303 1675 3367 lumen
1692 3304 1868 3370 oculorum.

222 3427 284 3471 nec
308 3407 447 3494 simplici
471 3431 542 3473 sum
565 3410 705 3475 orbitate
727 3410 910 3496 perculsus,
934 3430 1008 3473 nam
1030 3430 1102 3473 cum
1119 3408 1187 3473 filia
1203 3415 1237 3474 et
1251 3409 1369 3474 fratres
1386 3409 1491 3489 amisi,
1514 3429 1650 3493 quorum
1666 3429 1718 3472 me
1737 3407 1868 3472 solabar
1901 3411 1930 3470 4.

170 3522 194 3562 2⁵
222 3510 352 3592 affectu,
377 3531 512 3597 quorum
535 3534 587 3578 me
611 3513 840 3578 coniunctione
864 3512 1037 3577 lactabam.
1083 3512 1265 3597 disruptum
1289 3518 1349 3593 est,
1372 3512 1492 3576 fratres
1513 3511 1681 3591 carissimi,
1704 3511 1869 3575 vinculum

221 3615 447 3698 germanitatis
478 3623 622 3698 nostras,
655 3617 800 3682 ablatum
831 3616 927 3681 nobis
959 3622 1010 3680 est
1035 3616 1153 3702 pignus
1180 3621 1314 3681 mutuae
1339 3615 1494 3681 caritatis.
1540 3614 1592 3678 hei
1622 3615 1719 3693 mihi,
1750 3615 1869 3679 fratres
1902 3618 1921 3676 5

223 3719 346 3804 optimi,
370 3719 447 3784 dum
471 3719 656 3806 depositum
678 3727 832 3800 vestrum,
857 3721 949 3786 cuius
972 3742 1025 3784 me
1049 3720 1222 3785 traditione
1243 3720 1418 3806 ceperatis,
1441 3719 1566 3801 amitto,
1588 3740 1654 3783 una
1669 3739 1727 3783 vos
1744 3716 1869 3804 perdidi

224 3828 257 3885 et
278 3821 351 3887 ideo
375 3824 409 3887 iu
431 3823 526 3889 unius
551 3824 803 3892 necessitudinis
828 3825 931 3910 gradu
955 3811 1169 3911 complurium
1192 3824 1271 3888 mihi
1294 3823 1575 3889 necessitudinum
1599 3824 1720 3888 solacia
1742 3823 1871 3887 sublata

223 3927 378 4012 suspiro..
406 3928 510 3992 solam
532 3934 642 3993 tamen
665 3929 818 4014 patriam,
849 3949 933 4014 quae
962 3928 1040 3992 mihi
1062 3949 1123 4013 per
1144 3928 1250 4014 ipsam
1273 3927 1438 4014 adquisita
1459 3927 1580 4009 lucrat,
1615 3948 1680 3991 non
1710 3927 1868 4006 amittam,

170 4041 196 4080 ³⁰
222 4029 276 4114 qui
304 4030 390 4104 hano
420 4032 498 4096 mihi
529 4033 733 4119 potissimum
763 4039 884 4097 terram
908 4053 1004 4118 quam
1027 4031 1085 4095 illa
1108 4051 1241 4118 corpore
1266 4051 1324 4094 suo
1349 4031 1523 4116 occupavit
1545 4031 1682 4117 patriam
1706 4031 1868 4096 indicabo.

223 4127 291 4197 sed
312 4136 572 4218 quoimmcmor
594 4137 708 4219 oflicii,
737 4157 863 4201 memor
892 4137 1037 4222 gratiae,
1069 4134 1180 4201 dolore
1208 4135 1414 4221 impellente,
1445 4133 1636 4220 progredior
1659 4141 1692 4199 st
1722 4141 1868 4220 tempore
1901 4136 1921 4196 6

223 4233 428 4320 aliquatenus
451 4241 569 4305 vulnus
600 4240 777 4306 obductum
807 4240 952 4305 rediviva
980 4239 1205 4306 recordatione
1234 4245 1401 4324 tamquam
1424 4261 1508 4304 nova
1532 4239 1676 4304 sectione
1700 4238 1868 4304 rescindo?

223 4345 256 4403 et
283 4341 337 4424 qui
369 4342 529 4407 consolari
551 4365 609 4408 vos
639 4345 748 4430 potius
776 4365 836 4429 per
867 4342 975 4407 divina
1006 4345 1170 4429 promissa
1196 4343 1383 4430 cupiebam,
1417 4344 1672 4408 consolationem
1700 4343 1773 4429 ipse
1803 4363 1868 4406 non

222 4442 338 4528 cupio?
384 4466 499 4508 causas
530 4452 638 4511 tamen
662 4447 752 4510 vobis
783 4445 918 4511 recidivi
946 4447 1041 4512 huius
1069 4447 1190 4512 doloris
1213 4469 1386 4532 exponam.
1430 4453 1606 4533 utcumque
1631 4447 1717 4511 enim
1741 4447 1867 4510 animus
1901 4448 1919 4507 7

169 4559 194 4598 ³³
222 4567 369 4612 maerore
394 4549 559 4614 conlectus
583 4551 730 4636 recipere
753 4550 1010 4614 consolationem
1038 4552 1221 4637 apostolica
1251 4550 1477 4616 exhortatione
1507 4550 1572 4614 iam
1605 4556 1774 4636 coeperat,
1805 4571 1868 4635 qua

222 4649 282 4714 ait:
313 4653 409 4716 nolo
433 4673 497 4716 vos
520 4653 718 4737 ignorare,
746 4653 906 4734 tratres,
939 4653 986 4719 de
1018 4653 1326 4735 dormientibus,
1357 4677 1404 4719 ne
1435 4654 1731 4718 contristemini
1763 4653 1868 4717 sicut

223 4757 348 4820 ceteri
375 4757 445 4842 qui
474 4778 586 4842 spem
614 4778 693 4822 non
723 4757 896 4836 habent,
929 4757 1002 4838 sed,
1030 4759 1087 4822 ubi
1109 4758 1225 4823 infelix
1247 4765 1357 4824 noster
1379 4758 1560 4822 communis
1583 4757 1714 4822 advenit
1736 4763 1769 4821 et
1792 4778 1867 4822 eum

222 4859 292 4923 sine
325 4881 365 4925 ca
398 4881 463 4946 qua
494 4861 583 4946 prius
618 4862 814 4947 splendebat
847 4883 976 4947 gemma
1006 4864 1178 4950 conspexi,
1213 4883 1272 4949 per
1302 4883 1398 4948 quam
1429 4862 1508 4926 mihi
1537 4868 1570 4927 et
1599 4862 1763 4947 acceptior
1793 4883 1866 4926 esse

221 5023 631 5036 ———....—-

220 5153 523 5292 361'19hloblsth
626 5155 768 5210 8Mntth.
792 5155 869 5219 XIX,
892 5155 932 5210 14.
1042 5157 1075 5210 19
1100 5155 1183 5226 Verg.
1201 5156 1335 5221 Aen.Vl,
1356 5157 1398 5211 32.
1421 5158 1463 5211 33.
1570 5156 1603 5210 21
1629 5157 1671 5210 Pe.
1696 5156 1821 5220 LXXVI,
1842 5159 1866 5210 3.

104 5293 106 5296 .
287 5281 293 5293 .
358 5256 407 5297 ess.
426 5241 474 5306 IV,
493 5243 534 5298 12.

324 5415 339 5466 1
360 5418 457 5468 retendi
478 5418 502 5469 G
623 5419 641 5472 3
661 5415 835 5485 benedictum]
858 5417 890 5470 de
912 5419 987 5470 retra
1009 5419 1123 5471 mersis
1140 5420 1188 5471 Iol>
1205 5420 1280 5487 iufra
1299 5419 1340 5484 11,
1355 5423 1390 5472 39
1405 5419 1496 5486 finias
1513 5419 1599 5485 aptas·
1719 5418 1737 5470 5
1754 5421 1865 5473 sciebam

220 5517 271 5566 quo
290 5501 329 5551 0:
346 5502 408 5554 haec
424 5504 499 5571 infra
517 5503 559 5568 ΙΙ,
576 5509 608 5557 39
625 5505 717 5557 densat
837 5503 853 5555 6
876 5505 1019 5557 moderarer
1040 5503 1112 5573 uere]
1137 5507 1266 5558 moderare
1287 5522 1349 5558 uere
1368 5506 1417 5570 ΘΙ,
1439 5506 1594 5558 moderatam
1611 5509 1634 5558 ds
1652 5524 1713 5558 uere
1736 5524 1804 5558 corr.
1819 5508 1868 5572 θ’,

221 5586 352 5639 moderare
374 5606 474 5656 reuera,
493 5592 515 5643 si
532 5592 595 5642 mihi
613 5593 686 5658 quasi
702 5598 788 5643 uestm
806 5592 908 5643 creditis
932 5592 1002 5642 cordi
1025 5593 1100 5659 infra
1117 5593 1164 5657 II,
1179 5596 1213 5644 39
1355 5590 1370 5644 7
1395 5601 1521 5645 ouatenus
1541 5594 1565 5645 G
1667 5594 1718 5646 tals
1741 5612 1825 5645 meum
1846 5595 1869 5645 G

222 5671 255 5723 12
277 5675 435 5726 namacioGl
550 5676 583 5729 13
604 5679 841 5730 acenrimimumG
958 5677 991 5730 18
1013 5679 1093 5731 filia
1208 5678 1240 5731 ‘21
1265 5681 1354 5731 autG
1468 5676 1503 5732 24
1524 5681 1647 5732 filiamG
1726 5681 1868 5732 solebarG

219 5757 254 5812 25
270 5760 467 5813 dismmtumG
568 5760 603 5814 34
620 5764 710 5817 nosG
813 5763 848 5818 36
866 5765 958 5818 nect}

322 5877 453 5934 Smenos.
1628 5886 1664 5943 40
