4612 6428
1084 396 1221 451 SIDONII
1238 396 1436 452 CARMINUM

726 585 764 622 ³⁴⁵
798 591 935 656 quorum
960 570 1045 634 forte
1070 569 1158 656 prior
1180 570 1257 655 luga
1279 591 1339 634 nos
1363 579 1574 636 concusserat
1596 571 1683 650 olim,

794 674 845 738 bis
869 675 974 738 victos
998 673 1157 761 prodesse
1181 670 1293 738 mihi.”
1338 675 1384 738 sic
1406 674 1503 753 latur,
1528 681 1562 739 et
1584 676 1640 740 illc

795 778 962 862 pollicitus
985 786 1098 842 uotum
1122 777 1200 843 lecit
1223 798 1322 862 spem.
1369 777 1517 863 protinus
1540 777 1616 842 inde

795 882 906 945 avolat
929 889 961 946 et
983 881 1125 945 famulas
1149 881 1181 943 in
1204 881 1331 966 proelia
1354 881 1498 946 concitat
1520 881 1594 948 iras.

796 983 888 1049 ibant
910 985 1044 1072 pellitae
1068 990 1142 1070 post
1166 985 1305 1049 classica
1328 984 1471 1050 Romula
1493 992 1629 1067 turmae,

726 1103 750 1140 ‘⁵
796 1088 837 1152 ad
861 1109 979 1154 nomen
1004 1095 1156 1154 currente
1179 1087 1280 1163 Geta;
1303 1089 1398 1152 timet
1419 1108 1495 1153 aere
1518 1090 1627 1154 vocari

796 1190 934 1272 dirutus,
958 1192 1181 1278 opprobrium,
1204 1213 1268 1255 non
1291 1191 1445 1256 damnum
1469 1190 1628 1256 barbarus
1652 1192 1797 1259 horrens.

796 1296 855 1360 hos
878 1295 919 1361 ad
943 1296 1031 1363 bella
1054 1296 1155 1360 trahit
1178 1298 1242 1360 iam
1266 1303 1334 1361 tum
1359 1317 1435 1383 spes
1459 1296 1545 1361 orbis
1569 1297 1695 1376 Avitus,

797 1403 849 1465 vel
873 1401 938 1466 iam
962 1402 1107 1487 privatus
1130 1400 1184 1465 rel
1208 1398 1325 1464 adhuc.
1371 1401 1417 1466 sic
1440 1401 1589 1465 cinnama
1613 1400 1710 1465 busto

800 1505 891 1570 collis
911 1504 1086 1591 Erythraei
1109 1512 1241 1590 portans
1263 1505 1452 1570 Phoebeius
1476 1505 1546 1570 ales

742 1625 766 1661 a
800 1609 943 1673 concitat
966 1629 1061 1674 omne
1086 1609 1194 1672 avium
1218 1608 1352 1693 vulgus:
1375 1606 1568 1672 famulantia
1591 1615 1725 1673 currunt

797 1713 940 1798 agmina,
963 1720 996 1777 et
1019 1720 1178 1798 angustus
1202 1733 1327 1798 pennas
1350 1733 1415 1776 non
1439 1713 1584 1799 explicat
1606 1733 1673 1776 aer.

844 1817 914 1880 Iam
937 1837 1040 1903 prope
1063 1817 1131 1881 fata
1154 1818 1203 1880 tui
1226 1817 1275 1881 bis
1298 1838 1396 1882 sonas
1420 1817 1560 1881 vulturis
1583 1817 1653 1880 alas

798 1921 1007 2008 complebant
1030 1919 1111 2006 (scis
1135 1941 1276 2006 namque
1300 1926 1386 2000 tuos,
1410 1921 1484 2001 scis,
1508 1921 1624 2001 Roma,
1649 1919 1810 2006 labores):

798 2027 928 2091 Aetium
953 2025 1106 2090 Placidus
1128 2026 1283 2090 mactavit
1306 2026 1441 2090 semivir
1463 2047 1588 2091 amens.

801 2132 920 2214 vixque
944 2136 1000 2193 tuo
1022 2131 1209 2215 impositum
1233 2130 1333 2215 capiti
1356 2129 1517 2211 diadema,
1540 2129 1692 2194 Petroni:

797 2234 872 2298 ilico
898 2233 1077 2314 barbaries,
1100 2255 1162 2299 nec
1186 2255 1250 2298 non
1275 2232 1338 2298 sibi
1362 2240 1459 2321 capta
1482 2232 1584 2298 videri

796 2336 900 2402 Roma
923 2336 1018 2402 Getis
1042 2338 1206 2423 tellusque
1230 2359 1289 2402 suc
1314 2358 1449 2403 cessura
1471 2339 1583 2404 furori.

797 2449 945 2528 raptores
971 2463 1030 2506 cau
1055 2442 1139 2508 forte
1163 2443 1243 2530 lupi,
1267 2443 1339 2527 quis
1363 2464 1441 2508 nare
1466 2444 1578 2528 sagaci

798 2553 959 2612 monstrat
982 2547 1061 2612 odor
1083 2548 1238 2635 pinguem
1263 2549 1382 2612 clausis
1406 2547 1447 2611 ab
1472 2547 1612 2612 ovilibus
1635 2567 1758 2624 auram,

756 2665 766 2700 f·
799 2651 926 2717 irritant
951 2658 1136 2736 acuuntque
1161 2652 1280 2715 lamcm
1305 2657 1502 2738 portantque
1527 2653 1659 2736 rapinae

798 2755 831 2817 in
857 2755 950 2819 vultu
973 2755 1128 2842 speciem,
1153 2754 1266 2842 patulo
1290 2756 1411 2837 ieiunia
1434 2755 1518 2819 rictu

799 2858 970 2932 fallentcs;
995 2860 1060 2925 iam
1084 2859 1213 2944 iamque
1238 2865 1332 2924 tener
1355 2881 1413 2944 spe
1437 2859 1597 2944 frangitur
1620 2879 1735 2942 agnus.

799 2968 897 3048 atque
920 2963 1042 3030 absens
1066 2963 1162 3028 avido
1187 2963 1327 3049 crepitat
1350 2963 1414 3028 iam
1437 2964 1560 3050 praeda
1582 2963 1702 3049 palato.

731 3079 732 3083 ’
799 3069 875 3151 quin
900 3074 934 3132 et
956 3068 1168 3132 Aremoricus
1192 3068 1330 3153 piratam
1356 3067 1489 3132 Saxona
1512 3075 1635 3133 tractus

732 3197 734 3201 ·
802 3171 968 3255 sperabat,
992 3171 1043 3236 cui
1067 3171 1154 3258 pelle
1179 3171 1283 3235 salum
1308 3171 1435 3235 sulcare
1458 3171 1652 3235 Britannum

800 3273 896 3338 ludus
921 3281 954 3338 et
977 3281 1088 3362 assuto
1112 3275 1262 3359 glaucum
1286 3296 1377 3339 mare
1400 3274 1524 3339 findere
1547 3274 1666 3340 lembo.

799 3375 947 3440 Francus
971 3377 1170 3458 Germanum
1194 3378 1333 3463 primum
1357 3377 1561 3462 Belgamque
1586 3377 1764 3442 secundum

801 3480 979 3560 sternebat,
1004 3480 1222 3566 Rhenumque
1246 3481 1351 3561 ferox,
1373 3482 1569 3560 Alamanne,
1592 3481 1729 3546 bibebas

798 3582 937 3647 Romani
957 3585 1035 3670 ripis
1059 3593 1092 3649 ct
1114 3593 1253 3670 utroque
1277 3585 1440 3671 superbus
1464 3585 1497 3649 in
1520 3606 1598 3670 agro

755 3702 766 3736 «ἰ
800 3688 852 3752 rel
877 3689 958 3753 civis
982 3690 1034 3753 vel
1058 3690 1161 3754 victor
1184 3711 1268 3755 eras.
1315 3690 1374 3754 scd
1397 3688 1525 3775 perdita
1548 3707 1687 3754 cerneus

798 3796 958 3856 terrarum
983 3793 1088 3878 spatia
1110 3794 1264 3879 princeps
1289 3793 1354 3858 iam
1377 3793 1552 3872 Maximus,
1577 3813 1677 3858 unum

799 3895 885 3978 quod
909 3896 971 3960 luit
994 3897 1027 3960 in
1043 3896 1153 3974 rebus,
1177 3897 1389 3982 peditumque
1407 3899 1614 3982 equitumque
1631 3897 1822 3980 magistrum
1907 3893 1910 3900 '

802 4006 834 4062 te
858 3999 930 4079 sibi,
954 3999 1063 4078 Arite,
1088 4000 1178 4085 legit.
1224 4002 1335 4066 collati
1360 4022 1469 4065 rumor
1492 4001 1624 4065 honoris

798 4103 923 4166 invenit
947 4104 1139 4187 agricolam,
1162 4105 1239 4169 flexi
1262 4105 1338 4168 dum
1363 4105 1447 4170 forte
1471 4105 1590 4190 ligonis

799 4213 932 4270 exercet
955 4206 1070 4272 dentes
1097 4207 1149 4272 vel
1175 4209 1283 4295 pando
1306 4230 1427 4296 pronus
1451 4215 1559 4273 aratro

798 4314 895 4377 vertit
919 4314 1130 4378 inexcoctam
1154 4337 1213 4402 per
1234 4317 1370 4402 pinguia
1392 4317 1507 4401 iugera.
1530 4315 1691 4401 glaebam.

798 4419 844 4480 sic
869 4417 1032 4503 quondam
1057 4419 1097 4484 ad
1120 4421 1249 4506 patriae
1273 4443 1327 4486 res
1352 4421 1472 4485 fractas
1496 4442 1620 4506 pauper
1642 4428 1762 4498 arator,

798 4520 1004 4605 Cincinnato,
1029 4527 1132 4604 venis,
1159 4532 1306 4591 veterem
1330 4547 1403 4589 cum
1426 4532 1459 4589 te
1483 4526 1588 4589 induit
1612 4545 1695 4588 uxor

798 4635 874 4690 ante
899 4627 1000 4692 boves
1023 4627 1169 4693 trabeam
1194 4627 1452 4712 dictatoremque
1476 4627 1621 4711 salignae

727 4744 764 4783 ³³7»
798 4751 962 4817 excepere
985 4730 1073 4794 fores
1097 4739 1195 4817 atque
1218 4730 1258 4795 ad
1284 4752 1343 4796 sua
1366 4738 1455 4795 tecta
1477 4729 1638 4794 ferentem

794 4833 881 4919 quod
904 4855 969 4898 non
993 4836 1147 4921 persevit,
1171 4836 1322 4923 turpique
1347 4857 1365 4899 c
1388 4835 1477 4898 fasce
1502 4840 1638 4920 gravata

793 4939 859 5003 vile
882 4938 1090 5023 triumphalis
1114 4941 1257 5026 portavit
1279 4960 1425 5027 purpura
1450 4959 1574 5003 semen.

534 5132 585 5185 348
603 5134 690 5185 avolat
707 5133 761 5183 cod.
775 5131 934 5190 Hermam,-
951 5133 1054 5184 advolat
1067 5131 1099 5181 M
1102 5130 1173 5182 Tro
1230 5132 1309 5199 prelio
1323 5130 1351 5194 0,
1368 5129 1522 5197 praemiaF
1621 5125 1672 5179 349
1690 5125 1863 5180 classicaMl³
1961 5125 2013 5178 352
2030 5135 2085 5179 tum

430 5221 526 5272 iamC'
635 5218 687 5270 353
705 5227 756 5271 tam
775 5218 805 5268 M
918 5215 969 5270 354
988 5219 1087 5286 erythoi
1108 5216 1156 5268 OF
1233 5218 1369 5284 pholbeius
1389 5217 1428 5266 0¹²
1540 5213 1592 5266 aba
1609 5216 1720 5266 concitat
1737 5212 1823 5280 omne]
1842 5214 1877 5264 sic
1895 5214 1923 5264 ia
1940 5231 2021 5278 marg.
2036 5212 2086 5276 F¹,

431 5307 605 5373 complcthant
622 5305 707 5372 (prior
726 5312 735 5357 t
752 5306 779 5356 ia
798 5321 812 5356 c
830 5313 945 5356 correcta
963 5306 1002 5356 acl
1019 5305 1136 5369 invicem)
1153 5305 1181 5354 in
1199 5321 1251 5355 ros.
1271 5303 1313 5354 1⁴¹¹
1332 5306 1365 5370 cs.
1384 5306 1436 5354 358
1516 5303 1604 5354 avium
1623 5297 1727 5367 vulgus]
1750 5317 1827 5352 avum
1846 5316 1929 5365 genus
1947 5299 2043 5366 vrrlgus
2060 5298 2090 5350 F

431 5390 481 5443 337
500 5393 546 5445 tibi
564 5393 613 5443 M·
733 5390 785 5443 338
807 5392 982 5458 complcthant
1000 5391 1029 5441 F
1138 5389 1190 5442 359
1211 5391 1323 5442 aethium
1347 5389 1397 5452 du,
1421 5390 1518 5441 otlrium
1538 5388 1566 5439 F
1640 5385 1851 5454 placidius‘O¹F
1925 5387 2038 5436 vastarit
2056 5385 2089 5434 M

431 5497 518 5531 amans
531 5479 564 5542 F,
582 5481 670 5546 ambos
682 5479 717 5529 M
799 5477 848 5529 361
870 5495 922 5530 non
939 5479 1031 5528 οτη.Μ
1123 5477 1173 5529 364
1190 5479 1302 5529 clausam
1318 5479 1340 5527 (l
1424 5473 1847 5542 ultaaerrunq1100³,aeu11ntfi‘
1929 5470 1980 5524 366
1998 5472 2091 5524 ritu'l'

429 5564 478 5616 367
502 5567 629 5634 pallentes
647 5565 676 5617 F
791 5563 843 5616 368
866 5566 983 5632 crepituti
1005 5583 1046 5616 um
1065 5565 1227 5632 praepalato
1246 5564 1278 5613 M
1392 5562 1443 5614 339
1466 5565 1532 5615 Cuin
1553 5565 1575 5614 (J
1653 5563 1733 5629 pirata
1751 5560 1784 5610 M
1896 5555 1946 5609 371
1969 5557 2037 5608 lidus
2056 5558 2086 5608 Μ

430 5653 537 5704 fundora
556 5652 584 5704 F
675 5653 754 5704 limbo
773 5651 806 5701 M
934 5648 984 5702 373
1008 5652 1143 5702 alemanna
1165 5651 1189 5700 Τ
1313 5647 1364 5701 374
1387 5653 1507 5702 Romanis
1524 5651 1599 5714 culpo
1695 5657 1832 5712 utramque
1850 5645 1894 5708 M,
1918 5653 2043 5710 antroque
2060 5644 2090 5695 F

428 5736 480 5791 377)
497 5741 567 5792 cives
584 5740 642 5804 Μ’,
663 5739 781 5792 cuius'l’
880 5736 931 5788 376
949 5736 1041 5805 irarum]
1060 5737 1126 5788 idam
1144 5736 1168 5786 T
1269 5735 1318 5788 377
1337 5739 1503 5805 equitumque
1520 5753 1568 5787 om.
1584 5737 1606 5786 (J
1707 5731 1758 5784 378
1775 5731 1862 5784 tibiF
1961 5727 2012 5781 386
2029 5747 2085 5797 pcr-

429 5827 532 5879 miscuit
549 5826 587 5892 M,
605 5827 732 5895 persecuit
750 5825 778 5878 F
843 5835 869 5879 et
886 5825 919 5877 M
1020 5822 1070 5874 387
1091 5825 1147 5876 vide
1171 5823 1205 5874 7⁷¹
