4568 6450
435 403 497 464 408

602 572 792 639 SIDONII
813 573 1080 642 OARMINUM

435 676 545 730 xvia:
564 675 613 744 qui
632 676 696 744 (scil.
717 676 843 745 spiritus)
863 679 977 746 pectora
994 677 1102 747 priscae

564 761 677 817 intrasti
689 762 801 828 Mariae,
812 763 924 833 rapiens
934 782 997 819 cum
1008 767 1144 834 tympana
1154 781 1173 818 c.
1184 782 1208 832 q.
1218 782 1238 818 a

434 1124 605 1194 xvlrsqn:
623 1125 735 1194 rapiens
754 1142 817 1179 cunr
836 1127 972 1194 tympana
990 1125 1078 1180 siccus

621 1211 706 1266 lsrael
725 1211 842 1281 appensi
856 1211 898 1278 (cf.
912 1227 933 1265 c.
945 1211 969 1264 V
979 1213 1040 1278 541)
1054 1229 1104 1281 per
1116 1229 1238 1268 concava

690 1297 812 1367 gurgitis
830 1297 886 1351 iret

615 1384 766 1454 aggeribus
776 1384 898 1438 vallatus
911 1401 1001 1454 aquae
1013 1386 1173 1456 mediasque
1189 1406 1238 1458 per

691 1470 780 1524 undas

615 1557 812 1626 pulverulenta
820 1559 899 1632 tuum
907 1558 1041 1612 clamaret
1048 1558 1131 1613 turba
1139 1559 1236 1612 trium·

693 1643 787 1712 phurn.

576 1729 609 1794 cs.
622 1729 693 1783 Arrit.
707 1727 793 1783 V592
802 1745 854 1796 sqq.

432 2105 494 2158 XVI
509 2109 538 2160 Il
549 2123 606 2175 sq:
626 2107 731 2176 quique
750 2125 864 2161 manum
882 2107 978 2160 Iudith
998 2107 1144 2162 ferientem
1163 2109 1236 2162 colla

694 2193 834 2248 Olofernis

625 2279 735 2343 insisti,
763 2280 854 2335 excise
881 2279 969 2334 iacuit
995 2297 1057 2334 cum
1084 2283 1200 2349 gutture

698 2369 813 2420 truncus
831 2383 852 2421 e.
864 2383 887 2436 q.
901 2384 921 2422 s.

430 2469 494 2523 XVI
509 2471 539 2524 14
547 2485 600 2538 sqq.
615 2489 621 2524 :
642 2486 771 2538 expresso
790 2470 834 2523 vel
852 2469 901 2539 qai
920 2471 1062 2541 complens
1081 2471 1233 2527 devellere

710 2555 819 2624 pelvem

640 2641 821 2710 inficiensque
843 2643 943 2698 dehine
961 2662 1017 2699 non
1035 2646 1111 2714 tapto
1130 2646 1232 2701 vellere

709 2732 812 2783 terram

643 2816 758 2869 firmasti
769 2816 908 2878 Gedeonn,
921 2815 995 2870 tubis
1008 2816 1112 2870 inserte
1122 2816 1230 2872 canoris

641 2901 756 2970 spiritus
774 2905 816 2971 (et
832 2901 891 2957 solo
905 2902 983 2956 veuit
994 2901 1112 2957 victoria
1124 2904 1229 2971 cautu).

429 3260 490 3314 XVI
505 3263 536 3316 18
545 3279 619 3330 sqq:
639 3263 743 3334 quique
776 3264 862 3318 etiam
897 3265 1076 3334 adsumptum
1104 3264 1228 3334 pecorosi

703 3352 747 3416 (cs.
766 3352 792 3405 II
805 3351 876 3419 ale)
895 3350 930 3404 Ile
948 3368 1033 3420 grege
1051 3352 1123 3405 Iesse

633 3435 737 3489 afflasti
756 3451 863 3505 regem,
888 3436 1092 3506 plaustrorum
1110 3438 1228 3493 foederis

705 3538 799 3576 arcam

632 3607 778 3678 imponens
801 3625 822 3664 c.
834 3625 858 3677 q.
870 3625 890 3663 a
917 3609 1062 3676 (Sidonias
1089 3609 1161 3665 duaa
1186 3627 1229 3666 rea

702 3695 860 3750 comarisnrit
881 3697 1018 3751 memoriae
1038 3713 1125 3752 errore
1143 3697 1228 3767 impli-

703 3783 800 3846 cutus).

426 3861 489 3914 XVI
504 3864 617 3931 19⁸qu
636 3866 761 3934 plaustro
780 3885 842 3923 cunr
860 3869 979 3923 foederis
998 3887 1089 3923 arcam

633 3951 779 4022 imponens
797 3954 885 4008 hostis
903 3955 981 4011 nullo
997 3956 1160 4011 moderante
1178 3955 1228 4011 bu·

702 4039 785 4094 bulco

632 4123 762 4192 proderet
786 4124 952 4180 obscaenum
977 4129 1103 4198 turgenti
1129 4130 1227 4199 podice

701 4212 836 4267 morbum.

425 4291 490 4346 XVI
500 4295 533 4346 22
543 4311 615 4362 sqq:
634 4297 738 4366 quique
762 4298 848 4352 trium
870 4300 1012 4368 quendam
1031 4319 1179 4370 puerorum
1197 4303 1228 4357 in

700 4383 780 4437 fauce
799 4385 914 4450 sonasti,

631 4486 700 4538 quos
728 4469 757 4523 in
785 4470 918 4542 Chaldaei
945 4474 1050 4543 positos
1078 4477 1189 4529 Ibrnaee

703 4556 817 4624 tyranni

631 4643 739 4697 roscida
766 4644 910 4700 combusto
937 4645 1088 4701 madefecit
1115 4647 1227 4702 flamma

699 4731 818 4785 camino.
1148 4731 1149 4736 ’

596 4817 629 4882 cf.
644 4817 696 4871 VII
706 4819 756 4882 6,4.

423 4903 487 4955 XVI
498 4905 532 4958 25
541 4920 615 4971 sqq:
635 4903 740 4973 quique
763 4903 934 4959 volubilibus
960 4906 1131 4975 spatiantem
1155 4909 1226 4961 trac-

700 4989 775 5044 tibus
794 4989 851 5043 alvi

629 5076 773 5146 complesti
785 5077 889 5141 Ionam,
901 5079 1034 5132 resonant
1043 5076 1109 5131 dum
1119 5077 1226 5132 viscera

699 5162 818 5217 monstri

708 5266 791 5319 quern
815 5290 838 5304 ..
862 5249 970 5304 vomuit
988 5266 1121 5320 suspenso
1142 5250 1225 5305 belua

697 5353 798 5390 morsu.

422 5424 485 5478 XVI
495 5425 526 5477 31
537 5441 610 5492 sqq:
630 5422 734 5492 quique
764 5420 868 5490 duplex
897 5421 1038 5491 quondam
1063 5422 1166 5478 venisti
1194 5423 1224 5476 in

665 5543 667 5546 -
698 5512 797 5580 pectus
816 5506 929 5573 Heliam,

629 5596 781 5649 Thesbiten
810 5613 872 5649 curn
899 5597 970 5648 forte
997 5611 1089 5648 senem
1116 5593 1172 5648 iam

698 5683 841 5736 Ilarnmeus
860 5681 920 5735 rixis

1145 401 1228 456 LOCI
1247 399 1388 455 SIMILES

1291 671 1382 727 Eeod.
1401 673 1563 741 rivallem:
1582 672 1702 742 sumpsit
1719 689 1785 743 ergo
1805 672 1895 730 Maria
1910 675 2099 746 prophetissa,

1325 776 1402 814 soror
1419 759 1522 825 Aaron,
1540 761 1707 829 tympanum
1725 758 1755 812 in
1774 777 1859 814 manu
1878 779 1936 828 sua,
1956 779 2099 832 egressae-

1325 862 1379 914 que
1404 848 1471 900 sunt
1494 863 1590 900 ornnes
1615 845 1745 900 mulieres
1770 850 1835 916 post
1860 865 1922 903 eam
1941 866 2004 902 cum
2024 850 2099 916 tym-

1326 933 1407 1002 panis
1422 935 1451 988 et
1464 932 1563 997 choris,
1582 932 1683 1001 quibus
1696 933 1878 1002 praecinebat
1890 935 1986 990 dicens
1999 954 2005 988 :
2026 933 2099 989 Can·

1324 1021 1416 1074 temus
1434 1017 1547 1074 domino
1566 1036 1587 1074 e.
1600 1036 1624 1088 q.
1637 1035 1658 1073 s.

1290 1123 1375 1178 Prud.
1389 1123 1479 1194 pcpeh.
1490 1123 1623 1191 aaran:
1642 1139 1697 1176 non
1717 1123 1801 1178 aliter
1820 1123 1923 1179 cecinit
1935 1125 2098 1193 respectans

1324 1209 1414 1264 victor
1437 1210 1565 1264 hiantem
1589 1209 1676 1263 Israel
1698 1209 1804 1263 rabiem
1828 1210 1908 1279 ponti
1933 1212 1998 1279 post
2016 1211 2099 1278 terga

1324 1295 1453 1360 minacis,
1481 1313 1544 1350 cunr
1574 1295 1629 1350 iam
1658 1295 1839 1365 progrediens
1866 1297 1988 1351 calcaret
2011 1295 2100 1350 litora

1325 1382 1397 1437 sicce
1416 1382 1550 1437 ulteriora
1569 1382 1640 1453 pede
1653 1382 1829 1452 stridensque
1847 1399 1898 1453 per
1916 1383 2022 1437 extima
2041 1382 2098 1436 cal·

1325 1468 1364 1524 eis
1390 1486 1469 1523 mons
1490 1472 1584 1524 rueret
1609 1468 1759 1539 pendentis
1783 1486 1874 1538 aquae
1986 1469 2098 1538 relapso

1324 1555 1438 1626 gurgite
1467 1595 1512 1626 ...
1540 1573 1573 1610 ac
1676 1555 1753 1610 rrnda
1850 1556 1939 1610 nudas
1962 1573 2098 1626 praeceps

1324 1642 1447 1712 operiret
1475 1641 1604 1698 harenas.
1645 1642 1775 1696 Pulsavit
1797 1659 1896 1697 resono
1919 1641 2100 1698 modulantia

1324 1730 1461 1796 tympana
1478 1727 1586 1796 plectro
1610 1728 1694 1783 turba
1716 1728 1760 1782 dei
1780 1729 1924 1783 celebrans
1941 1729 2045 1782 mirum
2064 1745 2099 1782 ac

1323 1813 1502 1867 memorabile
1521 1814 1619 1868 saeclis
1638 1814 1840 1884 omnipotentis
1863 1833 1947 1885 opus,
1971 1815 2098 1884 liquidas

1323 1897 1398 1954 inter
1415 1899 1487 1954 freta
1505 1901 1581 1970 ripas
1600 1917 1622 1955 e.
1636 1918 1659 1970 q.
1671 1919 1692 1955 s.

1323 2002 1413 2058 Eeed.
1428 2002 1493 2056 XIV
1503 2004 1535 2057 21
1546 2020 1600 2072 sqq.
1619 2003 1671 2057 XV
1681 2007 1696 2058 1
1706 2021 1760 2073 sqq.

1288 2106 1390 2159 Iader.
1409 2106 1475 2161 XIII
1488 2108 1538 2162 10:
1558 2108 1696 2176 percussit
1715 2107 1832 2175 (Iudith)
1852 2107 1895 2161 bis
1914 2107 1943 2161 in
1956 2107 2095 2161 cervicem

1321 2192 1381 2246 eius
1400 2193 1464 2261 (scil.
1478 2193 1648 2262 Holofernis)
1667 2196 1696 2247 et
1713 2192 1835 2266 abscidit
1853 2196 1939 2264 eaput
1957 2194 2017 2247 eius

1322 2281 1351 2332 et
1369 2279 1475 2335 evolvit
1493 2298 1593 2350 corpus
1612 2279 1672 2334 eius
1691 2283 1830 2335 truncum.

1287 2469 1374 2523 Iadic.
1389 2469 1428 2524 VI
1437 2471 1533 2538 seqq.
1552 2490 1559 2524 ε
1583 2459 1714 2540 dixitque
1738 2469 1851 2525 Gedeon
1877 2469 1914 2524 ad
1942 2469 2026 2522 deum

1322 2572 1424 2624 ponam
1448 2555 1500 2610 hoo
1518 2556 1608 2611 vellus
1626 2556 1709 2610 lanae
1730 2557 1761 2610 in
1779 2573 1844 2611 area
1862 2577 1933 2622 ...;
1957 2555 1981 2608 si
1999 2572 2045 2609 ros
2063 2555 2095 2609 in

1320 2641 1378 2695 solo
1397 2640 1499 2696 vellere
1511 2642 1598 2697 fuerit
1616 2645 1645 2696 et
1663 2641 1786 2696 inomni
1805 2644 1880 2696 terra
1892 2641 2004 2696 siccitas

1319 2726 1357 2782 Et
1384 2727 1418 2781 de
1441 2732 1524 2783 nocte
1548 2745 1719 2798 consurgens
1743 2745 1872 2798 expresso
1898 2728 2000 2783 vellere
2029 2747 2096 2782 con·

1321 2813 1402 2867 char'n
1421 2832 1481 2870 rere
1494 2815 1632 2885 implerit.
1668 2814 1802 2884 Dixitque
1821 2833 1914 2870 rursus
1933 2815 1969 2868 ad
1988 2814 2071 2868 deum
2089 2852 2095 2884 :

1397 2902 1451 2957 Oro
1476 2905 1509 2956 at
1532 2902 1621 2957 solum
1646 2901 1735 2956 vellus
1759 2901 1862 2956 siccum
1887 2902 1924 2956 sIt
1948 2903 1978 2955 et
2000 2901 2093 2955 omnis

1318 2991 1393 3042 terra
1419 3006 1491 3043 rore.
1504 2988 1618 3042 madens
1642 3005 1663 3042 e.
1675 3005 1698 3056 q.
1711 3005 1731 3042 a.
1768 2989 1820 3043 VII
1833 2989 1867 3042 22
1886 3008 1892 3042 :
1917 2987 2090 3040 insistebant

1316 3074 1436 3129 trecenti
1463 3074 1516 3129 viri
1544 3074 1654 3130 bucinis
1679 3077 1869 3144 personantes.
1912 3073 2089 3142 Immisitque

1316 3160 1445 3216 dominus
1463 3155 1590 3232 gladium
1608 3161 1638 3215 in
1657 3160 1786 3216 omnibus
1804 3159 1903 3215 castris
1919 3176 1939 3214 e.
1951 3177 1976 3228 q.
1989 3177 2010 3214 s.

1283 3265 1349 3332 Rep.
1367 3265 1455 3329 naa
1469 3281 1522 3334 sqq.
1546 3285 1552 3320 :
1581 3265 1775 3335 imposuerunt
1803 3281 1896 3320 arcam
1924 3265 1969 3319 dei
2003 3281 2089 3334 super

1315 3351 1473 3420 plaustrum
1496 3369 1599 3405 novum
1710 3350 1800 3405 David
1825 3355 1919 3406 autem
1945 3354 1974 3406 et
1995 3350 2088 3405 onmis

1316 3436 1401 3491 lsrael
1420 3436 1556 3492 ludebant
1575 3454 1667 3492 coram
1685 3437 1798 3493 domino
1816 3455 1836 3492 e.
1848 3455 1871 3506 q.
1884 3455 1904 3492 a

1282 3872 1345 3940 Ray.
1361 3871 1426 3940 15,ss
1435 3871 1498 3938 sq.9
1513 3890 1519 3924 :
1538 3871 1799 3939 computrescebant
1823 3869 2014 3940 prominentes
2038 3887 2086 3922 ex-

1315 3959 1393 4011 tales.
1433 3957 1499 4020 16,ss
1508 3973 1544 4023 sq.
1566 3958 1668 4024 llsq.:
1692 3959 1721 4010 et
1744 3958 1898 4027 posuerunt
1920 3974 2013 4009 arcani
2038 3956 2084 4008 dei

1314 4059 1398 4113 super
1422 4043 1579 4114 plaustrum
1604 4081 1628 4096 ..
1647 4083 1653 4096 .
1671 4043 1755 4096 Ibant
1778 4045 1873 4096 autem
1897 4042 1927 4095 in
1945 4042 2085 4097 directum

1314 4145 1415 4184 vaccae
1431 4145 1451 4183 c.
1466 4145 1490 4196 q.
1501 4145 1523 4184 s.

1279 4301 1387 4356 Daniel.
1406 4302 1509 4356 11124:
1528 4305 1556 4356 et
1574 4302 1760 4356 ambulabant
1782 4301 1812 4355 in
1837 4303 1929 4358 medio
1954 4303 2085 4357 flammae

1314 4388 1462 4442 laudantes
1486 4388 1578 4442 deum.
1619 4390 1768 4456 messe:
1793 4389 1920 4444 incendit
1947 4391 2084 4458 (llarmna)

1314 4492 1383 4542 quos
1402 4475 1506 4544 reperit
1523 4476 1603 4530 iuxta
1621 4477 1761 4530 fornacem
1784 4475 1819 4529 de
1837 4475 1993 4531 Chaldaeis.
2026 4479 2085 4530 An-

1313 4560 1393 4629 gelus
1417 4565 1512 4615 autern
1535 4562 1642 4616 domini
1727 4561 1794 4615 lecit
1817 4562 1940 4616 medium
1962 4563 2084 4617 fornacis

1314 4647 1394 4715 quasi
1413 4649 1526 4702 ventum
1547 4649 1616 4703 roris
1634 4649 1757 4703 flantem.

1279 4905 1539 4961 Ioa.112:oravit
1562 4907 1643 4960 Ionas
1669 4907 1705 4960 ad
1724 4907 1868 4962 deminum
1893 4909 1975 4963 deum
2000 4927 2083 4963 suum

1312 4993 1347 5046 de
1365 4995 1462 5047 ventre
1481 4991 1571 5062 piscis.
1601 4993 1634 5046 a.
1649 4995 1701 5046 11:
1720 4997 1749 5048 et
1767 4994 1841 5049 dixit
1853 4996 1981 5050 dominus
2002 4995 2083 5065 pisci,

1313 5083 1342 5135 et
1360 5079 1484 5134 evomuit
1502 5080 1598 5134 Ionam
1617 5079 1646 5132 in
1664 5079 1780 5134 aridam.
1961 5085 1964 5092 ’

1278 5421 1343 5489 Rep.
1353 5422 1394 5474 Ill
1403 5422 1479 5485 21‚I'I
1492 5440 1498 5475 :
1511 5420 1600 5475 Eliarn
1612 5421 1773 5476 Thesbiten.
1792 5423 1928 5485 1112128.
1948 5421 1985 5476 IV
1997 5423 2046 5486 1,3.
2056 5424 2083 5475 8.

1311 5509 1350 5562 IV
1360 5509 1421 5572 29:
1440 5507 1569 5576 diritqne
1588 5507 1714 5563 Eliseus:
1734 5509 1853 5563 Obsecro
1871 5511 1903 5562 ut
1921 5510 1972 5562 fiat
1989 5508 2020 5563 in
2037 5528 2083 5564 ure

1312 5595 1415 5664 duplex
1438 5594 1555 5664 spiritus
1583 5597 1648 5648 tuus
1672 5595 1739 5662 (scil.
1762 5595 1860 5662 Eliae).
1896 5595 1996 5649 dall:
2017 5613 2082 5650 ecce

1312 5699 1407 5736 carrus
1418 5681 1518 5751 igneus
1537 5683 1566 5735 et
1579 5681 1644 5750 equi
1662 5679 1738 5751 ignei
1819 5685 1847 5735 et
1860 5681 1986 5736 aseendit
2005 5681 2082 5736 Elias
