4612 6428
787 447 789 452 ,
895 396 1177 464 nee-maa.

1003 745 1463 816 m..
1730 751 1913 825 xa

311 900 490 966 DOMINO
515 898 871 965 Duvlnculselno
894 897 953 962 ET
975 896 1446 966 HONORE'PRAEOIPUO
1471 895 1769 966 SPEOIALITER

554 1094 556 1100 Α
597 1001 874 1068 EXOOLENDO
898 1000 1087 1076 RURIOIO
1111 1001 1234 1067 FILIO
1257 1001 1473 1071 FAUSTUS.

314 1121 468 1218 Gnarus
497 1152 642 1231 domino,
673 1152 727 1236 qui
756 1150 788 1215 id
816 1149 963 1236 generali
991 1149 1234 1235 dispensatione
1266 1150 1404 1235 largitus
1431 1157 1495 1232 est,
1527 1158 1564 1217 ut
1592 1153 1757 1217 intereos
1780 1173 1862 1237 quos
1899 1154 1912 1214 l

170 1273 182 1312 ⁵
212 1257 357 1323 locorum
389 1256 560 1322 intervalla
593 1254 817 1320 discriminant
847 1254 930 1320 liber
958 1275 997 1319 ac
1030 1255 1128 1318 nullis
1163 1254 1335 1319 conclusus
1370 1254 1540 1322 absentiae
1574 1256 1702 1341 legibus
1736 1256 1863 1320 animus

213 1368 415 1426 commearet
436 1360 582 1446 nihilque
607 1365 695 1424 esset
717 1365 785 1422 tam
807 1358 1070 1444 impenetrabile,
1093 1357 1181 1443 quod
1206 1359 1324 1423 mentis
1348 1361 1538 1446 aspectibus
1561 1380 1626 1424 non
1643 1365 1788 1446 pateret,
1805 1359 1864 1425 sed

210 1485 269 1552 per
293 1465 399 1529 cordis
422 1465 573 1529 intuitum
595 1462 671 1527 inde
696 1483 731 1527 se
756 1463 897 1526 invicem
914 1461 990 1540 cari,
1014 1462 1121 1546 gratia
1137 1461 1386 1544 intercurrente,
1410 1452 1649 1550 conspicerent,
1672 1463 1729 1529 ubi
1747 1465 1864 1530 caritas

210 1571 283 1656 ipsa
307 1569 465 1633 consistit.
509 1566 612 1632 habet
635 1565 797 1652 siquidem
821 1571 854 1630 et
876 1566 1010 1630 interior
1033 1571 1143 1629 noster
1164 1566 1277 1630 oculos
1302 1586 1397 1646 suos,
1429 1567 1546 1653 quibus
1579 1590 1615 1634 se
1644 1569 1864 1634 conscientiae
1897 1570 1916 1632 2

210 1673 304 1739 testis
337 1672 536 1758 introspicit,
569 1670 687 1757 quibus
717 1671 760 1736 in.
780 1691 816 1736 se
845 1691 1021 1736 conversus
1050 1675 1107 1733 aut
1135 1669 1361 1736 erubescenda
1392 1676 1448 1735 aut
1470 1670 1644 1756 gaudenda
1665 1671 1864 1748 considerat,

159 1791 185 1832 10
214 1777 330 1864 quibus
353 1775 439 1840 diem
462 1776 611 1842 ultimum
634 1773 799 1862 pervidet,
823 1773 941 1859 quibus
964 1773 1016 1837 vel
1040 1773 1265 1838 confusibilem
1289 1776 1356 1854 vel,
1380 1774 1442 1840 deo
1465 1776 1646 1856 tribuente,
1670 1776 1866 1846 laudabilem

213 1883 300 1946 vitae
327 1881 428 1945 totius
452 1878 622 1944 historiam
645 1886 720 1944 ante
745 1879 873 1944 animae
898 1898 975 1942 suae
999 1877 1118 1942 faciem
1141 1877 1278 1963 provida
1299 1879 1332 1942 iu
1348 1879 1493 1944 futurum
1509 1881 1707 1966 cogitatione
1722 1881 1866 1969 disponit

214 1985 296 2049 etin
313 1984 534 2070 praesentiam
550 1982 698 2068 trepidae
716 1981 941 2047 sollicitudinis
965 1988 1095 2068 tempus
1118 1980 1306 2048 reddendae
1330 1984 1466 2049 rationis
1489 1983 1622 2050 adducit
1645 1991 1677 2049 et
1700 2006 1740 2050 ea
1763 2006 1866 2071 quae
1912 1996 1916 2040 ἰ

212 2089 368 2176 paravit
402 2089 496 2153 deus
531 2086 803 2172 diligentibus
838 2108 879 2150 se
913 2087 945 2149 in
980 2093 1107 2150 secreta
1139 2088 1279 2172 pectoris
1314 2087 1362 2151 sui
1396 2088 1530 2174 pagina,
1565 2110 1623 2175 spe
1655 2089 1865 2174 imaginante,

213 2193 371 2280 depingit.
418 2212 511 2278 quos,
535 2198 572 2254 ut
594 2196 684 2276 puto,
707 2190 819 2254 oculos
842 2197 876 2254 et
899 2190 969 2276 ipse
992 2190 1034 2254 ad
1056 2188 1217 2255 tremendi
1244 2189 1358 2256 iudicis
1383 2197 1496 2256 nutum
1521 2214 1651 2279 semper
1673 2191 1807 2274 attollis,
1830 2199 1867 2258 ut
1898 2195 1917 2256 3

160 2312 184 2351 ¹⁵
212 2297 253 2363 de
276 2305 310 2363 te
333 2296 413 2361 illud
436 2295 664 2382 propheticum
687 2294 803 2358 merito
827 2293 890 2357 dici
913 2293 1033 2379 possit:
1064 2293 1265 2379 sapientis
1294 2295 1398 2360 oculi
1428 2297 1466 2361 iu
1490 2297 1619 2383 capite
1643 2297 1744 2362 eius.
1788 2294 1865 2360 inde
1899 2300 1918 2359 4

212 2409 273 2484 est,
290 2437 329 2448 -
343 2400 449 2465 habeo
464 2399 551 2464 enim
566 2398 631 2462 illic
647 2397 732 2462 filios
747 2418 840 2476 meos
856 2397 1039 2483 proditores
1056 2404 1129 2462 tuos
1144 2436 1195 2477 —,
1212 2397 1287 2464 inde
1304 2407 1365 2480 est,
1381 2401 1524 2487 inquam,
1541 2400 1627 2487 quod
1642 2400 1866 2486 praesentium
1906 2417 1917 2448 ²

212 2527 321 2572 rerum
352 2503 566 2590 relinquenda
606 2501 752 2568 subsidia
785 2502 878 2586 quasi
908 2500 1023 2566 avidus
1055 2502 1221 2566 fenerator
1251 2524 1310 2590 per
1340 2506 1446 2591 pretia
1485 2505 1689 2592 captivorum
1727 2505 1760 2569 in
1792 2504 1866 2568 sinu

213 2609 466 2675 remuneratoris
491 2606 681 2672 seminantis
705 2626 795 2670 more
819 2605 1043 2685 commendas,
1074 2605 1114 2670 de
1138 2627 1200 2671 usu
1223 2609 1457 2694 proprietatem
1479 2610 1561 2675 facis
1585 2611 1673 2675 etin
1702 2630 1866 2696 perennes

213 2714 386 2779 thesauros
409 2712 556 2798 peritura
579 2710 753 2774 convertis.
791 2709 866 2774 inde
890 2717 950 2790 est,
974 2708 1059 2794 quod
1085 2731 1158 2774 cum
1180 2710 1371 2776 fidelissima
1391 2712 1491 2778 Sarra
1513 2719 1571 2779 tua
1587 2714 1647 2779 sub
1664 2735 1729 2779 uno
1746 2712 1869 2778 Christi
1899 2716 1918 2775 5

160 2830 187 2872 2⁰
215 2817 291 2902 iugo
320 2815 361 2880 ad
392 2835 596 2880 communem
625 2813 732 2878 tendis
764 2835 931 2893 coronam,
964 2821 1168 2879 terrenorum
1198 2814 1370 2901 despector
1393 2823 1426 2882 et
1449 2818 1637 2884 caelestium
1662 2818 1867 2903 competitor,

213 2921 335 2986 saeculi
357 2921 550 3006 peregrinus
574 2926 607 2983 et
629 2918 771 3004 paradisi
795 2918 996 2996 candidatus,
1021 2917 1141 2982 mundo
1162 2919 1248 2998 huic,
1273 2920 1327 3006 qui
1343 2921 1406 2984 iam
1422 2943 1487 2986 uon
1503 2921 1605 2987 habet
1620 2921 1707 2986 unde
1723 2920 1867 3008 decipiat

213 3025 267 3090 vel
294 3023 446 3104 seducat,
476 3022 571 3087 miles
595 3021 715 3086 Christi
738 3029 885 3086 secretus
916 3020 1051 3097 inludis3
1083 3043 1156 3086 curn
1180 3025 1271 3108 regni
1294 3024 1546 3090 interminabilis
1571 3027 1660 3091 socia
1681 3026 1810 3090 ieiuniis
1835 3032 1868 3090 et

214 3128 416 3194 orationibus
441 3134 474 3192 et
498 3125 637 3213 quadam
661 3126 738 3190 fidei
761 3147 859 3190 manu
883 3127 1014 3190 ianuam
1037 3126 1123 3190 vitae
1146 3127 1201 3212 pia
1224 3128 1445 3193 coniuratione
1469 3130 1622 3215 pulsatis,
1645 3135 1681 3194 ut
1704 3129 1868 3216 duplicem

213 3234 356 3318 palmam
387 3230 427 3295 dc
459 3237 571 3294 mutua
603 3231 708 3294 salute
741 3231 886 3315 capiatis.
937 3229 995 3294 sed
1023 3230 1108 3294 inter
1137 3230 1219 3294 haec
1250 3253 1364 3317 parum
1395 3239 1461 3314 est,
1496 3233 1650 3320 quicquid
1680 3235 1798 3319 agitur,
1831 3241 1869 3298 ut
1901 3236 1920 3298 6

161 3349 186 3391 ²⁵
216 3357 335 3401 causae
366 3333 565 3400 insanabiles
595 3334 647 3398 hic
676 3339 842 3412 sanentur,
876 3340 911 3397 ut
938 3333 1221 3418 inexstinguibiles
1248 3335 1341 3420 ignes
1371 3337 1422 3401 hic
1457 3339 1719 3424 exstinguantur,
1754 3345 1791 3402 ut
1819 3337 1868 3402 in-

215 3439 406 3504 eluctabiles
430 3439 645 3503 necessitates
670 3438 722 3502 hic
746 3445 951 3523 superentur,
975 3444 1011 3502 ut
1033 3439 1085 3503 hic
1101 3446 1312 3525 peccatorum
1330 3443 1470 3528 sagittae
1487 3442 1527 3507 dc
1544 3444 1672 3508 animae
1689 3435 1868 3518 visceribus

215 3547 407 3626 evellantur,
438 3551 474 3608 ut
502 3544 555 3608 hic
584 3545 719 3609 vulnera
747 3543 828 3629 ipsis
861 3544 1107 3620 altemedullis
1132 3546 1294 3632 impressa
1318 3552 1481 3628 curentur,
1513 3553 1550 3611 ut
1573 3547 1624 3612 hic
1647 3547 1868 3613 maculaeim
1942 3567 1944 3572 ·

215 3650 360 3716 visibiles
383 3647 557 3724 diluantur,
580 3651 616 3712 ut
639 3647 692 3712 hic
716 3653 850 3712 aeterna
873 3647 995 3732 gaudia
1017 3647 1162 3713 fidelium
1187 3649 1367 3715 studiorum
1390 3650 1503 3717 labore
1528 3659 1767 3739 comparentur.
1812 3652 1869 3716 illa

215 3756 346 3842 quidem
370 3755 438 3817 vita
460 3752 639 3838 praemium
664 3753 757 3817 istius
781 3754 853 3832 erit,
878 3751 935 3816 sed
959 3761 1095 3838 oportet,
1120 3760 1155 3817 ut
1178 3754 1264 3818 illius
1288 3757 1352 3820 ista
1376 3757 1417 3820 sit
1441 3757 1591 3842 pretium.
1626 3757 1782 3843 praelatis
1806 3757 1868 3820 ita·
1904 3759 1921 3820 'l

163 3873 189 3913 ³⁰
218 3880 280 3946 que
305 3858 478 3943 obsequiis,
501 3877 634 3942 quaeso,
658 3862 694 3920 nt
717 3877 789 3921 cum
814 3878 848 3920 se
873 3857 1011 3921 facultas
1035 3867 1219 3943 opportuna
1241 3859 1442 3946 praebuerit,
1466 3859 1611 3946 gaudere
1627 3882 1685 3925 nos
1702 3861 1742 3926 dc
1759 3867 1869 3925 vestra

217 3965 376 4051 sospitate
405 3984 443 4026 ac
473 3962 674 4047 proprietate
704 3961 844 4026 faciatis.
889 3982 948 4046 pro
977 3960 1053 4024 filiis
1083 3969 1116 4025 et
1139 3962 1330 4029 diaconibus
1354 3965 1436 4029 meis
1459 3965 1578 4031 uberes
1603 3965 1709 4030 refero
1733 3965 1867 4051 gratias.
1910 4013 1912 4017 ,

217 4067 383 4132 dominam
405 4065 507 4129 filiam
529 4086 637 4130 meam
660 4065 828 4150 religionis
852 4066 1021 4151 speculum
1046 4073 1079 4130 et
1101 4066 1232 4151 pietatis
1257 4069 1444 4154 exemplum
1462 4068 1572 4134 debito
1590 4071 1679 4135 cultu
1694 4073 1870 4135 veneratus

217 4172 334 4237 saluto.
379 4168 528 4234 dominus
552 4167 632 4233 deus
657 4177 768 4233 noster
797 4166 1066 4255 magnificandam
1097 4169 1176 4232 mihi
1205 4159 1549 4238 bonitatemvestram
1581 4180 1614 4238 ct
1642 4173 1869 4260 praesentibus
1902 4172 1922 4236 8

217 4276 343 4363 repleat
364 4273 458 4339 bonis
488 4279 522 4336 et
552 4270 684 4357 dignam
714 4271 829 4336 reddat
859 4273 1019 4352 aeternis,
1051 4272 1180 4338 domine
1211 4273 1455 4341 devinctissime
1484 4285 1517 4342 et
1544 4278 1665 4341 honore
1692 4277 1870 4364 praecipuo
1919 4365 1922 4372 γ

164 4397 190 4436 ³⁵
220 4379 406 4468 specialiter
429 4376 611 4444 excolende
635 4377 690 4440 fili.
1656 4379 1660 4384 ·

321 4657 353 4711 1⁶2
372 4658 392 4712 l.
411 4656 471 4712 Cor.
492 4656 525 4720 ΙΙ,
544 4657 569 4708 o.
675 4654 708 4708 15
725 4651 798 4710 Eecl.
818 4655 852 4718 ΙΙ,
872 4652 912 4709 14.

322 4812 403 4881 1111]
423 4816 511 4881 irantp.
524 4813 602 4865 minio
615 4815 703 4865 acati
793 4811 1001 4864 2deuictiasimo
1020 4829 1047 4864 re
1065 4811 1225 4880 precipqu
1312 4810 1436 4869 4tratiaa
1448 4835 1515 4869 corr.
1528 4817 1623 4886 gratia-s
1638 4815 1676 4868 0¹
1729 4815 1825 4884 gratias
1840 4841 1870 4852 ·-

220 4900 379 4970 deensistit]
399 4894 521 4954 Ruriciua
538 4899 978 4968 ep.11,100211,52easeap2a
1027 4911 1028 4914 ’
1081 4891 1300 4952 ὀάἰεοτίωαυῐθ
1404 4901 1573 4971 bpeteretG
1676 4900 1745 4970 Set]
1764 4903 1815 4957 al·
1831 4901 1871 4953 0¹
1914 4955 1917 4960 ,

219 4989 253 5042 10
269 4990 418 5057 peruiditG
509 4985 541 5039 12
558 4988 781 5040 sollicitudinestl
833 4989 983 5040 rationesG
1035 4991 1089 5055 (μὶ
1177 4985 1211 5039 14
1228 4983 1331 5056 numm]
1350 4991 1449 5056 compet,
1466 4998 1556 5043 notum
1572 4991 1602 5056 G,
1618 4992 1740 5043 thronum
1755 4990 1872 5041 &aicius
1909 4985 1924 5000 ''

219 5073 252 5128 16
276 5071 367 5141 habeo]
388 5075 487 5141 scripsi,
509 5076 571 5126 abeo
593 5077 615 5126 d
691 5076 758 5127 filios
776 5073 857 5142 meos]
876 5076 976 5142 scripsi,
997 5076 1066 5126 lilius
1089 5078 1127 5126 rus
1147 5075 1179 5140 G,
1201 5071 1271 5127 filius
1290 5083 1370 5128 mater
1390 5077 1516 5142 Oeniadae,
1539 5079 1576 5129 lili
1594 5079 1628 5129 ml
1645 5079 1710 5129 corti.
1729 5075 1872 5128 Mammam

220 5160 253 5214 18
270 5161 432 5230 perennisfr'
550 5157 586 5211 20
602 5162 735 5214 tendeaG
812 5163 957 5229 conpatitur
978 5163 1001 5212 G
1113 5159 1147 5212 Ὦ
1165 5163 1310 5215 ἰηίιιᾱοεθ
1422 5163 1456 5216 23
1474 5163 1510 5232 et]
1532 5165 1564 5228 G,
1587 5166 1628 5216 siti
1646 5165 1711 5216 coai.
1729 5164 1872 5215 Mommsen

217 5250 252 5304 25
275 5252 480 5319 inextinguibilis
503 5252 571 5319 ignis
596 5251 618 5302 G
753 5250 787 5304 26
810 5253 984 5305 ineluctabilis
1005 5253 1028 5304 θ
1171 5250 1205 5303 27
1227 5252 1330 5305 macula
1354 5252 1378 5304 ei
1400 5251 1537 5302 inuisibilis
1557 5251 1580 5301 0
1716 5249 1751 5302 28
1775 5243 1871 5317 labore]

217 5355 246 5390 re
267 5339 384 5401 sublata,
405 5339 467 5390 bore
487 5356 521 5390 m.
546 5355 597 5390 rec.
621 5338 683 5389 aaa
705 5339 728 5390 G
830 5337 885 5406 illa]
908 5340 944 5403 G,
972 5340 1025 5391 illic
1050 5339 1168 5390 Oeniaiua
1304 5337 1339 5391 32
1364 5339 1482 5390 domnam
1503 5339 1526 5390 e
1630 5339 1702 5390 deb&
1725 5338 1829 5390 occultu
1850 5337 1874 5388 G

217 5423 252 5478 33
270 5426 529 5493 magnificandumfr'
632 5423 667 5477 34
684 5427 857 5478 deuictiesime
878 5427 901 5478 G
1873 5453 1876 5459 ·
