4560 6434
728 398 932 454 AUCTORUII
950 399 1098 454 SIDONIO
1117 399 1372 454 AN'I'IIRIORUII.
1819 403 1880 464 3'I'I

351 571 533 641 SIDONII
557 571 906 640 EPISTULARUM
1059 633 1063 640 .

226 679 292 732 VIII
303 677 362 740 122
374 696 380 730 :
400 676 430 729 in
448 675 570 729 occiduis
589 675 698 730 linibus.
1081 673 1154 728 ossa.
1166 680 1222 727 met.
1235 676 1291 728 163
1303 693 1309 726 :
1322 673 1452 728 occiduo.
1465 715 1470 727 .
1482 717 1487 727 .
1499 675 1564 728 sole.
1596 673 1694 728 Claud.
1705 673 1863 729 xmvse
1874 675 1886 728 :'

1113 761 1229 816 occiduo
1309 759 1344 813 ab
1362 758 1437 814 orbe.
1851 815 1857 820 ,

225 849 291 904 VIII
302 850 377 916 12,3:
396 852 508 916 portum
526 849 675 919 Alingonis
693 891 733 902 ...
753 847 851 902 calcas.
1082 849 1186 902 luscum
1198 848 1237 901 IX
1246 847 1299 901 465
1312 866 1318 900 ε
1337 864 1407 914 quas
1419 845 1517 910 calcat,
1530 845 1630 899 arenis.
1649 845 1718 900 Hor.
1731 863 1752 900 c.
1765 847 1881 911 laese:

1115 932 1250 988 calcanda
1268 973 1342 988 .....
1361 931 1416 986 via.

305 1041 310 1074 ε
331 1020 465 1074 Nilotidis
483 1039 581 1090 aquae.
1081 1021 1185 1073 Iasona.
1206 1018 1311 1072 X142:
1331 1017 1435 1071 Nilotis
1453 1035 1528 1072 acus.
1558 1019 1643 1072 Mart.
1663 1018 1748 1082 X6,'I.

303 1128 309 1161 :
329 1106 398 1176 quid
422 1109 555 1176 putamus
577 1126 640 1162 cunr
663 1107 786 1160 exercitu
808 1107 896 1160 Marci
914 1107 1028 1161 Catonis
1080 1106 1185 1158 Laeua
1205 1106 1242 1159 IX
1261 1110 1285 1158 el
1302 1122 1328 1157 a.
1348 1121 1369 1157 u.
1387 1109 1412 1158 ct
1428 1121 1449 1156 u.
1468 1105 1520 1158 940
1535 1119 1596 1172 aa:
1621 1103 1732 1158 Phoebe
1809 1104 1883 1158 vidit

328 1194 358 1247 in
378 1194 529 1262 Leptitana
547 1195 628 1261 Syrte
647 1193 777 1248 fecisses?
1114 1191 1296 1262 arenivagum
1376 1191 1518 1246 Catonem.

227 1281 290 1335 VIII
302 1281 379 1344 124:
398 1283 456 1334 lam
473 1280 594 1334 clemens
612 1284 655 1334 est
672 1280 757 1334 facies
775 1280 844 1334 caeli
942 1279 1028 1332 etsie
1082 1278 1155 1332 Plia.
1170 1278 1265 1341 V6,5:
1284 1277 1401 1331 aestatis
1424 1276 1494 1329 mira
1518 1276 1685 1330 clementia:
1705 1293 1814 1345 semper
1835 1280 1883 1329 adr

328 1385 411 1422 auras
429 1385 511 1436 mage
529 1385 613 1435 quam
632 1369 731 1421 ventos
750 1367 844 1421 habet.
1115 1364 1216 1435 spiritu
1229 1363 1324 1432 aliquo
1337 1366 1478 1426 moretum
1497 1362 1671 1432 frequentius
1689 1367 1784 1418 tamen
1800 1379 1882 1417 auras

1115 1467 1199 1519 quam
1213 1451 1311 1504 ventos
1324 1448 1417 1504 habet.
1447 1448 1550 1503 Aueou.
1569 1448 1634 1502 xlx
1645 1450 1714 1505 135:
1734 1447 1884 1503 clementia

1115 1535 1186 1590 caeli
1204 1535 1289 1591 mitis.

304 1646 310 1679 :
329 1624 486 1693 temperies.
1080 1622 1154 1676 Pliu.
1168 1623 1265 1687 vae:
1284 1621 1447 1692 temperiem
1467 1620 1546 1675 caeli.
1804 1683 1806 1686 ¹

227 1711 292 1765 VIII
303 1713 379 1774 125:
398 1710 562 1765 aedificatus
578 1750 618 1764 ...
635 1713 712 1765 torus
725 1752 731 1764 .
743 1754 749 1766 .
760 1753 766 1764 .
779 1709 934 1780 superflexa
952 1711 1028 1762 crate
1080 1709 1183 1763 Asson.
1197 1708 1228 1762 E
1238 1708 1263 1761 V
1272 1709 1306 1762 29
1320 1728 1326 1762 :
1346 1707 1504 1777 expositum
1516 1705 1612 1762 subter
1624 1705 1743 1776 paradas
1755 1705 1883 1774 lectoque

329 1798 505 1866 paradarum.
812 1823 818 1834 ·
1114 1795 1260 1850 iacentem.

305 1904 311 1936 :
330 1883 420 1937 sereni
437 1882 571 1938 brumalis
590 1880 819 1958 insuavitatis.
1081 1881 1150 1935 Hor.
1168 1898 1189 1936 c.
1207 1880 1306 1946 Ilm
1318 1896 1375 1947 aq:
1395 1877 1545 1933 Caniculae
1565 1877 1667 1932 vitabis
1685 1880 1786 1933 aestus.

227 1970 291 2023 VIII
302 1971 379 2035 126:
398 1973 427 2024 te
445 1969 604 2040 pervenisse
622 1968 760 2030 invenies,
785 1985 848 2022 cum
866 1965 962 2020 venire
981 1964 1028 2017 vix
1080 1967 1152 2021 Plia.
1165 1966 1279 2030 vals:
1298 1983 1360 2019 cum
1379 1963 1528 2018 ascendere
1548 1966 1576 2018 te
1594 1981 1651 2018 non
1669 1967 1760 2034 putes,
1779 1964 1884 2019 sentias

330 2056 443 2112 sentias.
579 2121 588 2130 .
1115 2052 1280 2108 ascendisse.
1306 2051 1462 2115 vulsos:
1480 2067 1536 2104 non
1554 2050 1645 2120 magis
1663 2068 1692 2105 se
1710 2051 1884 2106 descendisse

1116 2140 1228 2205 sentire,
1246 2156 1331 2208 quam
1349 2135 1487 2191 senserint
1504 2137 1670 2192 ascendisse.

227 2229 292 2284 VIII
303 2230 380 2292 1251:
399 2228 555 2283 MeduIIeae
574 2225 757 2297 supellectilis
776 2225 916 2294 epulones.
1081 2227 1164 2295 Apol.
1182 2231 1240 2280 met.
1256 2224 1347 2280 1119:
1366 2223 1496 2292 frequens
1514 2222 1554 2276 ibi
1572 2241 1704 2279 numerus
1723 2224 1883 2293 epulonum.

329 2315 362 2380 cf.
376 2315 442 2372 VIII
452 2315 518 2380 121.

228 2401 293 2455 VIII
303 2402 382 2466 128:
401 2401 512 2454 credere
530 2401 653 2469 experto.
682 2397 714 2462 of.
726 2397 798 2460 lae.

226 2487 292 2542 VHI
304 2488 361 2551 l3,l
375 2507 381 2540 :
401 2487 490 2540 multa
503 2487 532 2540 in
547 2489 575 2539 te
584 2500 688 2554 genera
699 2482 833 2536 virtutum
845 2524 852 2536 .
863 2523 869 2534 .
880 2523 886 2536 .
898 2523 903 2536 .
914 2497 1029 2535 nrunere
1084 2483 1182 2553 Syrum.
1200 2481 1309 2550 11174,1
1324 2502 1331 2536 :
1350 2481 1441 2536 multa
1459 2482 1489 2536 iu
1513 2485 1542 2536 te
1566 2484 1712 2549 (munera:
1731 2479 1885 2535 addosdum

329 2591 448 2643 superno
466 2579 600 2642 congesta
617 2570 780 2640 gaudemus.
1116 2571 1214 2634 meso)
1239 2567 1378 2622 virtutrmr
1405 2570 1508 2622 natura
1534 2568 1681 2638 congessit
1717 2568 1829 2622 11189:
1852 2570 1885 2622 ut

1117 2655 1199 2732 plura
1217 2655 1247 2708 in
1267 2671 1330 2708 eum
1349 2671 1483 2724 congeras
1501 2653 1588 2710 studii
1607 2653 1651 2709 tui
1669 2670 1793 2708 munera.

226 2745 292 2800 VIII
302 2747 380 2811 133:
399 2744 442 2799 his
466 2745 519 2798 hoc
543 2741 814 2813 praestantissimum
838 2739 920 2795 bonis
943 2740 1029 2793 Fama

330 2832 541 2901 superaggerat.
571 2828 604 2895 es.
617 2827 690 2894 lui.
708 2827 808 2893 1115‚1.

226 2919 291 2975 VIII
302 2919 379 2984 13‚3:
399 2916 452 2972 fide
530 2914 667 2970 Israelita.
1069 2915 1139 2969 Iob.
1157 2913 1233 2968 147:
1253 2929 1315 2967 ecce
1337 2928 1402 2966 vere
1426 2912 1567 2977 Israelita,
1591 2911 1622 2965 in
1643 2927 1700 2980 quo
1724 2911 1805 2982 dolus
1828 2928 1886 2966 non

1117 3002 1168 3055 est.
1200 2999 1316 3054 Rornae.
1335 2999 1420 3053 lxe:
1439 3016 1532 3054 non..
1546 3039 1552 3052 .
1566 3013 1661 3052 omnes
1679 2996 1728 3066 qui
1747 3014 1781 3052 ex
1800 2997 1884 3052 Israel

1116 3089 1190 3152 sunt,
1208 3087 1230 3140 ii
1248 3088 1315 3140 sunt
1332 3084 1484 3140 Israelitae.

303 3197 309 3230 ε
328 3175 534 3246 municipatum
553 3173 681 3229 caelestis
704 3172 781 3227 illins
804 3170 929 3226 ciuitatis
947 3169 1028 3224 affec·
1085 3174 1195 3228 Taifali.
1218 3172 1250 3226 ds
1270 3188 1361 3227 οοτοιι.
1382 3171 1436 3225 mil.
1463 3172 1521 3225 13:
1544 3173 1576 3224 tu
1600 3167 1763 3240 peregrinus
1786 3167 1883 3222 mundi

329 3266 401 3317 tans.
1116 3259 1207 3325 huius,
1226 3257 1295 3313 ciuis
1311 3273 1447 3326 supernae
1460 3256 1618 3310 Ierusalem.
1653 3255 1763 3324 Noster,
1781 3254 1883 3324 inquit,

1116 3344 1305 3415 municipatus
1323 3343 1353 3398 in
1372 3342 1464 3397 caelis.
1493 3343 1529 3409 es.
1542 3342 1658 3411 Philipp.
1675 3343 1769 3397 11120.

304 3433 557 3502 :occidentemque
584 3431 709 3486 lItteram
738 3429 839 3500 spiritu
867 3427 1028 3482 vivificante
1082 3431 1200 3487 dormit.
1217 3431 1316 3495 H3,6:
1336 3429 1433 3483 Ilttera
1512 3429 1629 3498 oceidit,
1654 3428 1770 3498 spiritus
1788 3429 1882 3482 autem

329 3519 484 3574 fastidiens.
1098 3517 1247 3579 ,vivificat
1273 3515 1391 3574 Ouriutls
1405 3515 1417 3568 I
1429 3515 1505 3580 15,4.5
1518 3535 1524 3570 :
1543 3515 1673 3586 spirltum
1686 3513 1883 3569 vivificantem.

305 3626 311 3660 :
330 3606 451 3676 patriam
470 3604 523 3659 sibi
543 3604 645 3658 maluit
663 3603 811 3657 Ierusalem
830 3600 924 3671 potius
942 3617 1027 3669 quam
1084 3604 1191 3660 Tuscu.
1203 3603 1234 3657 de
1250 3618 1336 3657 coroa
1349 3601 1403 3657 mil.
1418 3601 1470 3655 13:
1489 3600 1558 3655 civis
1575 3617 1712 3671 supernae
1724 3601 1884 3656 Ierusalem.

331 3692 554 3760 Hierusolymam
573 3689 738 3760 computari.

227 3779 292 3833 VHI
304 3778 382 3844 13,4:
401 3778 601 3833 adventantem
612 3776 741 3831 Abrahae
752 3791 827 3829 nunc
839 3773 927 3828 filium
939 3772 1028 3827 verio-
1082 3777 1173 3832 Galat.
1192 3775 1344 3842 wacca:
1363 3772 1412 3827 sed
1429 3771 1498 3841 quid
1516 3771 1589 3827 dicit
1605 3772 1763 3843 scriptura?
1802 3770 1884 3838 ,Ilico

330 3882 388 3918 rem
407 3864 540 3919 maternis
558 3863 632 3918 ulnis
650 3861 786 3933 spiritalis
799 3861 867 3915 Sara
884 3860 1028 3930 suscipiat.
1115 3861 1246 3917 ancillam
1266 3859 1400 3915 etlilium
1420 3857 1480 3912 eius
1494 3863 1550 3912 ...*
1575 3858 1683 3928 ltaque,
1700 3861 1808 3922 fratres,
1827 3875 1883 3912 non

331 3967 453 4018 namque
476 3951 513 4004 ad
537 3951 614 4020 Agar
640 3949 773 4004 ancillam
795 3947 936 4018 pertinere
961 3949 1030 4002 tune
1116 3967 1211 4004 sumus
1228 3946 1348 4001 ancillae
1371 3944 1436 4009 filii,
1460 3943 1508 3998 sed
1527 3943 1645 4010 liberae,
1670 3963 1727 4015 qua
1751 3946 1883 4002 libertate

330 4035 427 4102 desiit,
454 4054 516 4091 cum
534 4036 634 4106 legalis
652 4034 847 4091 observantiae
865 4033 1029 4090 servItutem
1116 4034 1242 4090 Christus
1260 4050 1310 4088 nos
1328 4030 1482 4086 liberavit.¹
1497 4030 1531 4085 ib.
1546 4031 1596 4085 Vl
1611 4051 1618 4086 ε
1635 4031 1724 4087 nolite
1742 4031 1810 4104 ingo
1828 4050 1884 4088 ser·

331 4122 442 4191 gratiae
458 4122 592 4177 libertate
609 4121 740 4176 mutavst.
1116 4121 1217 4176 vitutis
1234 4118 1379 4174 centices-I.
1409 4117 1441 4184 cf.
1462 4117 1578 4174 Romua
1597 4119 1671 4174 Ixa.

305 4207 354 4262 :is
379 4208 569 4264 efficacissime
596 4225 737 4278 quemque
760 4206 950 4271 commendat,
980 4205 1028 4276 qui
1082 4208 1154 4263 Pls'a.
1173 4207 1309 4272 1113,11:
1333 4205 1416 4274 rogat
1438 4203 1513 4258 enim
1611 4203 1810 4274 efficacissime,
1834 4206 1883 4275 qui

330 4311 420 4350 meras
445 4312 542 4350 causas
572 4295 664 4350 iustae
689 4292 939 4351 commendationis
963 4309 1030 4361 ape·
1117 4293 1210 4349 reddit
1227 4308 1325 4349 causas
1343 4288 1470 4362 rogandi

330 4381 427 4436 ruerit.
861 4431 862 4434 ,

227 4468 293 4522 VIII
303 4467 382 4532 142:
400 4484 508 4522 morum
527 4465 732 4538 praerogativa.
762 4465 882 4532 4112.
1212 4515 1213 4518 ,

227 4554 381 4617 VIH14,3:
400 4552 499 4607 domus
518 4553 612 4607 Aaron
630 4551 771 4622 pontificis
785 4593 841 4614 ...,
861 4567 943 4620 quem
964 4551 1031 4605 lieet
1082 4551 1165 4605 Lavit.
1180 4549 1290 4605 VIII2:
1310 4549 1378 4603 tolle
1402 4549 1496 4603 Aaron
1520 4565 1584 4602 cum
1609 4547 1674 4601 filiis
1698 4545 1767 4607 suis,
1793 4549 1884 4603 vestes

331 4638 452 4709 primum
469 4638 500 4693 in
519 4638 610 4693 medio
627 4637 717 4708 plebis
735 4637 909 4692 heremitidis
927 4637 1031 4691 sancti·
1117 4654 1212 4692 eorum
1235 4638 1265 4690 et
1285 4634 1426 4689 unctionis
1450 4634 1549 4689 oleum.
1586 4634 1620 4688 ib.
1640 4633 1696 4687 12:
1719 4634 1794 4702 quod
1819 4635 1884 4704 (scil.

333 4725 471 4780 ficationis
494 4725 556 4780 oleo
578 4725 689 4795 legiferi
707 4725 801 4780 fratris
819 4723 918 4778 dextra
935 4723 1029 4794 perfu-
1116 4721 1220 4789 oleum)
1239 4720 1358 4775 undans
1381 4721 1464 4789 super
1481 4720 1568 4788 eaput
1586 4719 1692 4783 Aaron,
1716 4720 1799 4774 nuxit
1820 4737 1883 4774 eum

331 4812 420 4875 derIt,
450 4810 522 4866 filios
550 4810 609 4866 eius
637 4811 667 4865 in
694 4811 794 4865 similis
820 4809 907 4865 officii
933 4809 1030 4864 munia
1116 4811 1146 4863 et
1167 4807 1347 4862 consecravit.
1384 4806 1469 4860 Num.
1494 4805 1587 4859 1114:
1612 4805 1716 4860 mortui
1741 4809 1808 4862 sunt

331 4914 446 4962 vocans,
478 4899 574 4951 tamen
607 4896 695 4967 ipsius
722 4913 806 4966 super
833 4897 973 4952 Ithamare
1000 4897 1030 4949 et
1115 4894 1217 4949 Nadab
1230 4896 1259 4949 et
1273 4893 1355 4959 Abiu,
1375 4891 1582 4948 eumofferrent
1599 4891 1695 4962 ignem
1712 4891 1835 4948 alienum
1854 4893 1884 4949 in

332 4984 466 5040 Illeaaaro
483 4982 647 5038 felicitatem
668 4982 768 5038 Nadab
793 4984 822 5037 et
840 4982 915 5038 Abiu
936 4981 1029 5037 fulmi-
1116 4983 1267 5052 conspectu
1285 4979 1393 5035 domiui
1411 4979 1441 5032 in
1458 4979 1569 5033 deserto
1586 4978 1673 5043 Sinai,
1691 4979 1797 5048 absque
1814 4979 1885 5035 libe·

332 5069 415 5125 nibus
432 5068 523 5125 afflati
540 5069 740 5126 decoloravere.
1116 5067 1173 5123 ris:
1192 5067 1338 5137 functique
1361 5068 1428 5121 sunt
1449 5064 1604 5119 sacerdotio
1622 5064 1737 5119 Eleates
1761 5067 1791 5119 et
1808 5065 1884 5120 Itha-

1115 5171 1244 5208 mar...
1279 5149 1884 5220 Ireod.Xlsq.:(NudabetAbiu...)

1116 5255 1298 5310 egressusque
1316 5236 1391 5307 ignis
1409 5254 1426 5291 a
1444 5237 1558 5292 domino
1576 5237 1723 5293 devoravit
1740 5253 1795 5293 eos.

228 5329 293 5384 VIII
304 5330 383 5392 14,4:
401 5344 450 5383 vos
463 5343 527 5382 vcro
539 5327 644 5382 tacturi
653 5327 788 5398 pagiuam
797 5327 896 5381 altssris
907 5327 1029 5384 nihil...
1081 5325 1164 5380 Iacuit
1191 5325 1267 5379 Xl:
1292 5323 1467 5394 arreptisque
1569 5323 1702 5378 turibulis
1732 5325 1886 5394 posuerunt

332 5414 439 5470 offertis
457 5414 532 5486 ignis
546 5414 641 5480 alieni,
659 5414 707 5469 sed
775 5413 1028 5484 fragrantissimum
1116 5412 1210 5483 ignem
1238 5412 1268 5464 et
1295 5409 1441 5464 iucensam
1543 5409 1766 5466 offerentes
1789 5410 1885 5480 ignem

331 5499 475 5556 incensum
493 5500 626 5556 turibulis
644 5500 735 5556 cordis
752 5499 879 5556 adoletis.
1115 5496 1247 5552 alienum.
1292 5495 1375 5550 Neon.
1403 5497 1481 5552 1114
1505 5515 1512 5550 ε
1540 5514 1601 5552 cum
1631 5495 1763 5552 offerrent
1789 5496 1884 5567 ignem

1115 5582 1248 5638 alienum.

306 5693 313 5727 ι
331 5672 498 5742 spiritaliter
514 5673 675 5729 immolatis.
1085 5669 1192 5724 Tuscu.
1209 5668 1241 5724 de
1257 5669 1327 5738 bapt.
1343 5669 1380 5723 4:
1399 5686 1463 5724 caro
1542 5668 1709 5738 spiritaliter
1725 5669 1885 5725 mundatur.

333 5827 461 5888 spossus.
1644 5822 1679 5878 48
