4612 6428
895 409 1033 465 SIDONlI
1052 407 1250 463 CARMINUM
1271 405 1360 460 XXIV
1380 423 1405 458 v.
1422 401 1456 456 tt
1476 431 1507 440 -
1526 419 1550 456 v.
1573 403 1630 456 101.

851 606 988 672 quorum
1011 584 1118 649 iunior
1142 589 1194 648 eat
1218 580 1298 646 mihi
1321 579 1445 646 sodalis

853 694 886 753 et
910 687 1038 773 collega
1061 686 1159 751 simul
1183 683 1352 772 graduque
1376 683 1494 756 fratem

852 791 937 878 quod
962 792 989 856 ai
1013 791 1079 857 foro
1102 791 1211 856 senior
1235 790 1292 855 tibi
1318 789 1492 869 invenitur,

852 897 937 962 hunc
963 917 1084 982 pronun
1107 916 1211 982 prope
1235 901 1385 982 patruum
1411 894 1527 958 saluta.

794 1015 821 1053 00
852 1001 929 1066 hinc
956 1000 998 1066 ad
1026 1001 1168 1065 consulis
1196 1000 1307 1086 ampla
1335 1005 1422 1066 tecta
1449 997 1563 1084 Magni

851 1106 1061 1191 Felicemque
1085 1113 1176 1172 tuum
1199 1106 1285 1186 veni,
1308 1104 1440 1180 libelle;

854 1217 888 1276 ct
910 1215 944 1274 ta
967 1209 1179 1296 bybliotheca
1202 1229 1266 1294 qua
1287 1214 1427 1295 paterna
1449 1213 1511 1286 eat,

852 1315 958 1400 qualia
981 1335 1042 1379 nec
1065 1313 1171 1378 tetrici
1194 1312 1254 1378 luit
1276 1312 1413 1398 lilagri,

852 1417 978 1483 admitti
1000 1417 1100 1484 faciet
1121 1416 1250 1483 Probus
1272 1417 1464 1504 probatum

797 1535 822 1576 ⁹⁵
851 1522 904 1588 hic
928 1543 1029 1609 caepa
1052 1520 1202 1586 Eulaliae
1226 1542 1320 1586 meac
1343 1522 1478 1608 legeris,

854 1627 945 1691 cuiun
968 1623 1149 1711 Cecropiae
1172 1645 1270 1711 pares
1294 1625 1462 1692 Minervae

852 1751 960 1796 morea
984 1736 1018 1795 et
1039 1728 1135 1815 rigidi
1158 1751 1255 1794 eones
1280 1737 1313 1795 et
1336 1730 1408 1816 ipso

853 1831 1016 1921 quondam
1039 1853 1224 1920 purpureus
1246 1854 1342 1898 socer
1364 1834 1534 1899 timebant.

902 1935 967 2003 Sed
991 1937 1057 2002 iam
1079 1935 1215 2002 sufficit:
1240 1957 1318 2002 coca
1342 1937 1454 2023 linque
1477 1943 1622 2024 portum;

784 2056 824 2096 1⁰⁰
855 2062 896 2107 ne
920 2047 951 2106 te
974 2039 1119 2127 pondere
1142 2041 1218 2127 plus
1241 2063 1388 2127 premam
1413 2041 1579 2121 saburrae,

854 2145 905 2211 hia
928 2147 960 2210 in
984 2143 1134 2210 versibus
1158 2166 1312 2210 ancoram
1337 2146 1457 2211 levato.

539 2353 574 2408 88
591 2354 623 2423 oi]
642 2357 687 2408 aiei
704 2357 744 2407 T*
836 2354 871 2408 89
888 2357 1019 2424 proprium
1033 2353 1062 2405 F
1151 2351 1182 2404 91
1203 2355 1289 2406 libelle
1307 2355 1367 2408 vani
1383 2355 1421 2406 0·
1508 2352 1542 2406 92
1560 2371 1612 2421 qua
1625 2354 1727 2420 compsi,-
1745 2371 1811 2421 quae
1825 2353 1898 2405 codd.
1987 2349 2022 2404 93
2039 2354 2096 2421 phi·

438 2443 513 2510 lngrii
531 2443 564 2508 F,
586 2443 682 2511 lilagrii
699 2443 774 2494 Pro
890 2439 924 2492 97
942 2441 1031 2509 rigidi·
1050 2438 1092 2489 P*
1215 2439 1266 2494 100
1287 2449 1392 2494 aatnrne
1410 2441 1439 2492 F
1550 2441 1712 2492 EXPLICIT
1730 2441 1826 2492 subeor.
1845 2440 1992 2491 mbrr'cmor
2011 2439 2039 2490 in
2059 2438 2094 2502 0,·

439 2546 506 2582 amu
523 2545 611 2582 morta
627 2537 702 2582 vacat
718 2530 747 2581 ia
759 2527 795 2589 P,·
812 2547 862 2595 aeq.
880 2529 950 2594 epiat.
967 2545 988 2580 c.
1003 2525 1094 2576 XXII
1115 2525 1165 2576 ΤΡ
