4612 6428
437 395 500 458 272
951 393 1081 450 FAUSTI
1100 394 1342 461 ALIORUMQUE
1362 395 1569 450 EPISTULAE.

336 571 370 645 G
405 567 650 633 teum-litteris
676 568 829 655 prosequi
852 589 911 655 pro
936 569 1131 634 cumulanda
1153 569 1313 634 mercedis
1331 576 1458 635 vestrae
1482 571 1633 636 ubertate
1658 572 1808 636 iubeatis.
1849 572 1921 657 pins
1936 570 2089 635 dominus

435 671 649 736 reverendam
682 672 761 737 mihi
791 671 1027 738 beatitudinem
1056 680 1197 738 vestram
1226 674 1267 738 ed
1298 676 1480 761 proiectum
1510 682 1542 740 et
1573 683 1722 739 ornatum
1752 676 1913 740 eeclesiae
1943 696 2023 739 suae
2054 679 2089 739 et

437 775 531 839 annis
553 775 771 863 multiplicare
795 775 949 861 dignetur
976 782 1009 842 et
1036 778 1176 858 meritis,
1205 777 1336 844 domine
1364 779 1554 844 beatissime
1585 799 1623 843 ac
1653 780 1915 846 reverentissime
1943 785 2088 864 atquea

436 901 490 944 me
514 879 624 946 debito
647 881 736 945 cultu
759 880 969 968 singulariter
992 882 1195 950 observande
1219 885 1251 950 in
1276 883 1406 951 Christo
1430 889 1575 971 patrone.

1211 1179 1306 1246 VIII.

623 1331 802 1397 DOMINO
826 1331 1003 1397 SANOTO
1025 1331 1085 1398 AO
1108 1331 1384 1399 BEATISSIMO
1408 1333 1465 1398 ET
1490 1333 1604 1400 OMNI
1627 1334 1732 1400 MIHI
1756 1333 1905 1399 CULTU

442 1436 593 1510 ATQUE
617 1435 805 1503 HONORE
829 1437 1112 1503 VENERANDO
1135 1437 1275 1503 PATRI
1296 1437 1355 1502 ΕΤ
1377 1439 1425 1504 ΙΝ
1450 1437 1644 1505 OHRISTO
1667 1437 1846 1503 DOMINO
1869 1437 2084 1503 PATRONO

898 1540 1088 1607 RURIOIO
1111 1540 1330 1610 EPISOOPO
1355 1541 1624 1609 TUREN‘I'IUS.

412 1686 424 1745 l
551 1662 721 1756 Ilrrrrrrss
755 1689 939 1755 sanctitatis
971 1695 1102 1754 vestrae
1135 1711 1188 1755 me
1224 1690 1361 1776 spiritali
1397 1689 1470 1755 cibo
1504 1697 1634 1776 pastum
1667 1690 1885 1755 incitaverunt
1919 1688 1960 1753 ad
1995 1711 2088 1776 spem

436 1795 620 1859 futurorum
648 1798 681 1858 et
704 1792 806 1858 verba
836 1793 1031 1879 prophetica
1059 1793 1207 1860 claritate
1238 1794 1400 1859 radiantia
1427 1793 1469 1858 ad
1500 1793 1723 1860 discutiendas
1754 1815 1899 1860 errorum
1930 1794 2085 1860 tenebras
2118 1807 2143 1846 1⁰

397 1898 611 1984 ¹2purissima
640 1897 713 1962 lucc
741 1897 915 1964 fulserunt.
959 1917 1160 1983 recognosco
1187 1899 1321 1984 plenum
1352 1899 1497 1963 caritatis
1527 1899 1681 1964 affectum
1710 1907 1744 1964 et
1767 1899 1989 1963 sinceritatem
2011 1898 2088 1984 piae

437 2001 663 2086 castigationis
687 2001 880 2088 amplector:
912 2001 1134 2086 eloquentiam
1158 2001 1191 2066 in
1215 2002 1341 2082 verbis,
1369 2003 1402 2066 in
1427 2003 1587 2090 exemplis
1612 2004 1866 2090 perfectionem,
1896 2005 1928 2069 in
1953 2002 2088 2068 consilio

437 2105 593 2190 gratiam,
623 2106 656 2170 in
689 2105 797 2171 officie
826 2105 1080 2190 indulgentiam,
1112 2106 1306 2172 inveritate
1334 2107 1564 2189 constantiam,
1596 2109 1628 2172 in
1657 2107 1881 2172 admonitione
1905 2107 2089 2186 veritatem,

399 2201 608 2282 ,decientiam
636 2209 785 2296 probatis
814 2211 845 2274 in
876 2209 1038 2295 dogmate.
1085 2231 1143 2275 vos
1171 2211 1322 2297 antiquos
1353 2213 1586 2297 seripturarum
1613 2213 1811 2298 interpretes
1842 2217 1875 2278 et
1905 2211 2090 2276 divinorum

436 2314 637 2379 voluminum
661 2320 871 2395 tractatores,
904 2313 1092 2380 veneranda
1115 2315 1193 2380 mihi
1217 2317 1363 2398 nemius,
1396 2315 1612 2402 prrianum,
1643 2316 1880 2401 Augustinum,
1912 2314 2086 2396 Hilarium,
2119 2327 2144 2368 1⁵

438 2417 644 2485 Ambrosium
661 2419 845 2500 rettulistis,
870 2419 951 2483 alios
975 2419 1149 2486 facundiae
1172 2422 1251 2485 llore
1269 2428 1454 2502 vernantes,
1478 2422 1561 2487 alios
1585 2427 1619 2487 et
1641 2423 1674 2486 in
1698 2421 1882 2488 revelandis
1900 2421 2085 2486 occultiori·

439 2523 501 2589 bus
526 2523 705 2609 spiritales,
729 2523 809 2587 alios
832 2521 1013 2588 mulcendis
1038 2525 1263 2610 imperitorum
1288 2527 1439 2591 rensibus
1463 2524 1690 2605 blandientes,
1714 2526 1797 2589 alios
1821 2526 1855 2589 in
1878 2524 1955 2590 fidei
1979 2546 2088 2591 asser-

409 2627 528 2692 ‹Itione
551 2632 745 2713 pugnantes.
790 2627 988 2713 praeteritae
1013 2629 1252 2693 calumniamur
1274 2630 1387 2711 aetati,
1412 2629 1498 2715 quod
1522 2631 1606 2695 viros
1630 2631 1704 2695 illos
1729 2629 1945 2695 admiratione
1967 2628 2090 2714 dignis-

439 2731 536 2797 simos
566 2732 649 2797 baec
677 2732 806 2798 saecula
835 2753 900 2797 non
927 2733 1087 2797 tulerunt:
1122 2754 1180 2818 pro
1213 2739 1300 2819 certo
1330 2732 1511 2798 doctrinam
1541 2735 1675 2800 iunioris
1705 2734 1887 2799 ambierant
1919 2734 1975 2819 qui
2010 2740 2087 2799 ante

410 2835 632 2902 5docuerunt.
677 2856 738 2921 ego
769 2841 878 2900 autem
907 2843 1048 2902 aetatem
1077 2859 1183 2903 meam
1212 2859 1277 2902 non
1308 2837 1348 2902 de
1381 2840 1568 2903 canentium
1598 2840 1766 2924 putamine
1797 2839 1987 2924 capillorum
2016 2859 2088 2917 nec,
2119 2853 2145 2892 2⁰

441 2941 527 3005 sieut
549 2939 719 3020 beatitudo
751 2946 860 3005 restra
890 2941 930 3006 de
961 2942 1119 3006 saeculari
1151 2948 1286 3007 auctore
1315 2947 1464 3007 mutuata
1493 2951 1557 3022 est,
1589 2942 1629 3007 de
1660 2943 1769 3007 colore
1797 2941 1920 3006 barbae
1947 2941 2090 3006 albentis

439 3065 593 3130 agnosco,
618 3065 702 3125 cum,
726 3045 853 3109 etiamsi
871 3051 959 3109 esset
982 3065 1074 3109 error
1089 3045 1121 3109 in
1139 3053 1301 3132 computo,
1326 3046 1531 3110 senescentis
1548 3067 1650 3110 annos
1667 3046 1707 3111 de
1723 3054 1855 3133 torpore
1872 3044 2090 3110 membrorum

409 3153 499 3236 6per
527 3148 632 3213 morbi
666 3149 869 3213 incrementa
904 3150 1069 3213 sentirem.
1122 3149 1181 3213 sed
1209 3150 1353 3212 omniurn
1384 3169 1518 3235 precum
1555 3149 1737 3215 humilitate
1771 3150 1930 3237 deposce,
1964 3155 2001 3212 ut
2034 3169 2092 3235 pro

396 3323 398 3329 s
440 3253 644 3328 connectione
672 3273 799 3318 morum
828 3241 989 3332 meorum,
1024 3273 1082 3338 pro
1111 3253 1300 3339 inspirando
1329 3252 1603 3326 rnihidesiderio
1639 3254 1845 3340 paenitendi,
1879 3274 1938 3340 pre
1972 3252 2092 3317 domini

439 3358 543 3436 poetri
565 3358 794 3444 propitiatione
819 3358 852 3421 in
876 3357 997 3422 sanetis
1020 3358 1136 3422 vestris
1161 3359 1362 3422 orationibus
1388 3358 1589 3445 supplicetis,
1620 3358 1733 3444 utqui
1757 3356 1988 3422 adnitendum
2012 3377 2089 3442 pro·
2121 3369 2146 3408 ‘2⁵

440 3462 523 3528 clive
547 3464 634 3528 illius
658 3464 730 3528 viae
753 3462 787 3526 in
810 3461 994 3548 perniciosa
1016 3463 1183 3546 vergentis
1207 3469 1352 3527 erectum
1376 3469 1408 3526 et
1432 3483 1504 3526 eum
1528 3463 1640 3527 labore
1663 3461 1878 3547 gradiendum
1901 3463 1963 3526 iter
1981 3466 2092 3525 osten·

441 3570 527 3650 ditis,
553 3577 587 3635 et
609 3570 795 3655 ingressum
817 3567 896 3631 boni
921 3567 1029 3653 operis
1054 3574 1086 3632 et
1109 3568 1184 3654 piae
1208 3567 1447 3632 emendationis
1464 3566 1642 3631 obtineatis
1660 3566 1812 3632 effectum
1828 3565 1940 3630 nonin
1956 3563 2092 3628 verbere

411 3675 644 3761 ldisciplinae,
669 3671 727 3738 sed
750 3673 783 3736 in
806 3671 1031 3756 indulgentiae
1054 3670 1217 3744 medicina
1240 3677 1273 3735 et
1297 3670 1545 3735 misericordiae
1568 3669 1714 3736 lenitate.
1753 3670 1837 3734 hanc
1853 3689 1980 3755 quoquc
1997 3668 2092 3732 vobis

399 3845 403 3853 ,
443 3779 589 3845 conferte
613 3775 814 3842 mercedem:
838 3774 966 3857 debetis
989 3775 1075 3840 enim
1098 3776 1193 3840 lenus
1211 3774 1341 3839 domino
1365 3774 1406 3839 de
1429 3775 1595 3854 thesauro,
1619 3775 1674 3859 qui
1698 3773 1774 3838 fidei
1799 3781 1928 3838 vestrae
1952 3771 2092 3836 traditus

411 3888 475 3950 8et
498 3905 518 3948 a
541 3881 634 3947 vobis
656 3881 714 3945 illo
737 3879 986 3956 commendante
1003 3885 1177 3964 susceptus
1194 3885 1254 3942 est.
1292 3877 1453 3962 adquirite
1471 3878 1694 3963 desperantes,
1719 3878 1846 3962 arguite
1863 3877 2090 3961 neglegentes,
2121 3889 2147 3927 ³⁰

390 4037 405 4050 „
441 3986 569 4052 deditos
600 4005 713 4049 somno
741 3985 880 4068 ignavae
912 3983 1099 4048 securitatis
1132 3983 1290 4060 excutite,
1327 3981 1452 4046 resides
1482 3982 1637 4046 excitate.
1688 3981 1784 4045 decet
1811 4001 1904 4044 ovem
1932 3978 2093 4065 perditam

442 4091 475 4155 in
502 4089 624 4154 umeris
656 4089 722 4162 suis
750 4088 872 4167 bonum
903 4094 1070 4173 reportare
1101 4093 1266 4173 pastorem
1294 4093 1325 4150 et
1356 4085 1587 4149 munitioribus
1618 4085 1719 4150 caulis
1754 4107 1811 4151 eas
1846 4083 1965 4169 quibus
1996 4083 2092 4168 lupus

412 4193 615 4262 Oiusidiatur
641 4191 819 4258 includere.
869 4198 1017 4256 sanetum
1041 4191 1277 4274 Augustinum,
1312 4191 1395 4254 sicut
1421 4190 1610 4268 iusseratis,
1641 4189 1764 4262 inveni,
1798 4209 1894 4273 quem
1924 4208 1997 4251 eum
2026 4186 2093 4250 filio

442 4297 605 4364 communi
622 4295 756 4360 Rustico
778 4295 971 4381 presbytero
989 4315 1063 4359 esse
1081 4293 1265 4358 credebam.
1304 4314 1423 4378 operae
1440 4294 1581 4379 pretium
1597 4302 1657 4372 est,
1682 4299 1717 4357 ut
1733 4291 1933 4357 admiremini
1950 4289 2092 4355 studium

442 4423 561 4479 meum,
585 4400 671 4486 quod
687 4401 741 4485 qui
757 4421 841 4486 quae
856 4399 1012 4486 opuscula
1028 4399 1209 4478 contineret
1225 4397 1394 4484 hueusque
1411 4399 1534 4462 nescivi
1558 4418 1636 4461 sane
1660 4395 1861 4482 capitulatim
1885 4396 1948 4458 ianr
1972 4394 2090 4458 librum
2120 4406 2145 4446 ³⁵

393 4507 622 4574 ltltraditurus
645 4504 785 4590 inspexi.
832 4504 1024 4568 chartaceus
1048 4503 1132 4567 liber
1156 4508 1207 4566 est
1231 4509 1263 4566 et
1287 4500 1328 4566 ad
1355 4500 1526 4567 ferendum
1555 4501 1707 4564 iniuriam
1734 4520 1847 4587 parurn
1875 4498 1984 4572 fortis,
2002 4498 2093 4583 quia

442 4613 537 4678 citius
562 4610 689 4687 charta,
714 4608 798 4672 sicut
821 4608 940 4684 nostis,
964 4613 1127 4671 vetustate
1152 4605 1370 4680 consumitur;
1399 4606 1515 4690 legite,
1544 4605 1570 4668 si
1594 4603 1729 4684 iubetis,
1753 4610 1850 4689 atque
1875 4602 2092 4668 transcribite.

393 4720 427 4781 11
445 4723 478 4782 et
501 4735 609 4801 spero,
632 4719 678 4792 ut,
703 4719 875 4798 postquam
891 4710 984 4776 vobis
1001 4710 1086 4775 bene
1103 4710 1252 4794 cognitus
1270 4708 1377 4790 fuerit,
1401 4707 1442 4772 ad
1459 4728 1520 4786 me,
1545 4709 1596 4772 eui
1614 4715 1664 4772 est
1679 4707 1875 4793 incognitus,
1900 4706 2092 4785 remittatur,

443 4821 520 4907 quia
550 4819 714 4903 corrigere
744 4818 987 4902 neglegentiam
1020 4817 1369 4901 meamllrequentata
1398 4813 1608 4879 membranae
1639 4811 1743 4897 ipsius
1773 4811 1913 4875 lectione
1943 4809 2092 4895 dispono.

443 4946 499 4989 ora
521 4945 579 5010 pro
603 4943 667 4986 me.
2121 4926 2147 4964 ⁴⁰

445 5083 638 5091 -——-----—
654 5082 662 5087 .
676 5081 820 5087 -..-...-‡....-
841 5081 855 5086 ..

544 5201 795 5254 assuescendum&
899 5201 916 5252 3
933 5202 995 5251 anni
1011 5201 1034 5252 O
1145 5199 1161 5250 5
1180 5198 1250 5265 VIII]
1270 5201 1297 5250 ιἰι
1314 5217 1362 5266 sup.
1376 5218 1424 5251 ser.
1440 5202 1477 5251 G:
1495 5200 1615 5250 Hartman
1632 5197 1764 5263 respoudit
1783 5195 1823 5258 II,
1842 5200 1873 5246 17
1974 5194 1991 5244 ὃ
2009 5202 2094 5243 utrum

442 5289 582 5341 Terentius
604 5304 641 5337 αιι
662 5287 818 5338 'laurentius
842 5287 964 5352 scriptum
988 5287 1031 5348 sit,
1055 5286 1167 5336 discerni
1188 5286 1274 5350 nequit
1294 5286 1317 5337 O
1439 5284 1472 5337 14
1494 5281 1619 5352 probans]
1642 5284 1698 5334 tolli
1719 5284 1772 5333 cult
1790 5282 1932 5332 Mommsen
2018 5281 2094 5331 inter·

442 5377 521 5444 pretia
542 5375 565 5426 O
678 5372 711 5427 15
727 5381 850 5426 tractares
871 5373 895 5423 G
970 5389 987 5424 a
1005 5369 1035 5433 (ιι
1052 5388 1073 5422 s.
1092 5372 1109 5422 l.
1129 5370 1178 5435 (3¹)
1197 5372 1330 5438 gustinum
1352 5373 1375 5422 G
1453 5373 1581 5439 hylarium
1603 5370 1626 5421 G
1739 5367 1772 5420 16
1791 5363 1934 5433 rettulistis]
1952 5366 2094 5418 rdrtullistis

443 5463 522 5528 (corr.
539 5459 682 5527 retulistis)
698 5462 729 5524 0,
747 5463 791 5513 ssd
809 5467 835 5512 et
852 5461 965 5511 illustres
979 5458 1098 5510 Occisius
1195 5454 1227 5508 17
1245 5458 1333 5509 fideO
1429 5457 1462 5510 18
1479 5459 1624 5526 preteritste
1640 5457 1663 5506 G
1757 5453 1790 5505 ‘21
1809 5450 1925 5520 auctore]
1944 5453 2028 5504 mocio
2046 5468 2095 5517 quc

440 5547 477 5601 22
495 5550 526 5602 de
543 5545 655 5616 torpore]
673 5548 772 5614 scripsi,
795 5548 932 5614 decerpere
952 5545 984 5609 O,
1007 5545 1148 5612 decrepitos
1168 5544 1287 5596 Ouuisies
1399 5543 1433 5596 ‘26
1456 5545 1636 5611 uergentestl
1698 5571 1699 5576 =
1748 5539 1781 5591 27
1800 5537 1917 5605 uerbere]
1935 5555 2043 5594 uersrere
2064 5538 2095 5601 G,

442 5639 543 5690 feruore
557 5635 675 5688 Cbsdsius
788 5630 824 5685 ³0
840 5633 1054 5686 commendamG
1127 5631 1271 5699 argueteO
1311 5657 1312 5662 =
1382 5630 1414 5682 31
1434 5631 1622 5684 securitatesO
1692 5623 1797 5694 resides]
1814 5627 1845 5692 O,
1864 5627 1963 5678 desides
1977 5625 2095 5677 canisius

442 5721 477 5777 35
494 5718 631 5790 quiqusa]
650 5721 713 5789 qG
816 5714 1020 5785 {tricessimo
1122 5714 1157 5768 38
1174 5716 1233 5768 cO
1273 5713 1274 5718 ’
