4634 6458
874 393 1183 451 Iane-ssata

582 567 646 631 iam
669 587 733 631 non
756 565 828 630 Eoo
851 568 956 633 solum
978 567 1167 634 venerenda
1188 569 1318 648 Quiriti,

584 671 711 756 imperii
735 669 843 748 sedes,
867 670 926 737 sed
947 671 1021 757 plus
1045 673 1202 758 pretiosa,
1225 673 1312 759 quod
1336 682 1430 741 extas

583 775 712 862 imperii
734 777 895 860 genetrix.
934 776 1119 864 Rhodopen
1142 800 1225 865 quae
1247 787 1357 866 portat
1379 788 1414 846 et
1436 781 1610 862 Haemum,

538 915 543 928 ·
583 876 746 944 Thracum
770 885 858 944 terre
881 887 1021 962 tuaest,
1045 881 1182 948 heroum
1204 883 1323 949 fertilis
1347 904 1413 951 ora.

583 981 709 1068 excipit
731 983 783 1048 hic
806 989 900 1050 netes
924 985 1048 1070 glacies
1071 992 1105 1052 et
1127 987 1239 1052 matris
1261 987 1305 1052 sb
1326 987 1401 1052 alvo

581 1089 671 1150 artus
694 1085 855 1152 intantum
877 1088 995 1154 molles
1017 1089 1075 1154 nix
1098 1089 1203 1156 cirics
1225 1081 1340 1156 durat.¹

583 1195 717 1274 pectore
739 1190 795 1254 vix
818 1190 916 1256 alitur
938 1191 1121 1277 quisquam,
1145 1192 1204 1259 sed
1226 1193 1267 1258 ab
1290 1193 1392 1260 ubere
1416 1199 1538 1258 trachis

581 1293 655 1378 plus
678 1301 771 1380 potat
794 1315 853 1381 per
876 1296 993 1360 vulnus
1016 1316 1151 1382 equum;
1176 1298 1224 1362 sic
1248 1299 1333 1363 lacte
1355 1297 1471 1362 relicto

582 1397 737 1462 virtutem
759 1419 842 1482 gens
865 1404 935 1464 tota
957 1398 1050 1465 bibit.
1095 1421 1229 1467 crevere
1252 1422 1443 1487 parumper:

582 1519 660 1565 mox
682 1522 826 1587 pugnam
850 1501 967 1568 ludunt
989 1504 1122 1578 iaculis;
1146 1505 1207 1570 hos
1231 1505 1378 1590 suggerit
1402 1504 1466 1569 illis

582 1605 692 1669 nutrix
715 1606 814 1691 plaga
837 1607 943 1682 iocos;
967 1608 1060 1693 pueri
1083 1607 1256 1674 venatibus
1278 1608 1346 1697 apti

582 1707 684 1772 lustra
707 1709 786 1773 feris
809 1716 961 1791 vacuant,
984 1717 1078 1796 rapto
1102 1710 1206 1776 ditata
1229 1712 1380 1776 iuventus

583 1811 654 1876 iura
676 1811 756 1876 colit
778 1811 890 1896 gladii,
916 1823 1238 1900 consummatamque
1261 1821 1429 1890 senectam

585 1935 650 1979 non
673 1915 760 1980 ferro
784 1915 878 1983 finire
902 1916 1016 2004 pudet:
1042 1919 1100 1983 tali
1123 1919 1235 1985 ordine
1258 1921 1345 1985 vitae

582 2017 672 2082 cives
694 2017 811 2084 Martis
832 2027 947 2106 agunt.
993 2029 1027 2086 st
1050 2028 1086 2086 tu
1109 2024 1298 2088 circumflua
1320 2031 1420 2110 ponto

582 2121 735 2209 Europae
761 2130 859 2210 atque
881 2125 985 2191 Asiae
1009 2127 1218 2193 commissam
1241 2129 1348 2214 carpis
1371 2128 1534 2212 utrimque

584 2227 795 2312 temperiem
819 2249 894 2293 nam
918 2229 1086 2296 Bistonios
1108 2229 1285 2316 Aquilonis
1308 2230 1416 2296 hiatus

583 2333 732 2417 proxima
755 2332 935 2400 Calchidici
960 2337 1083 2401 sensim
1106 2335 1186 2402 tuba
1207 2342 1370 2422 temperat
1391 2335 1483 2401 Euri.
1548 2371 1555 2390 ι

526 2473 530 2482 -
582 2435 765 2502 intercute
790 2435 875 2502 Susa
899 2445 1044 2504 tremunt
1065 2461 1104 2506 so
1127 2442 1277 2527 supplice
1301 2443 1391 2506 cultu

582 2539 686 2604 flectit
707 2538 953 2607 Achaemenius
977 2544 1125 2608 lunatum
1149 2545 1252 2610 Perse
1276 2545 1404 2609 tiaram.

582 2643 685 2710 Indus
709 2644 871 2712 odorifero
895 2647 1019 2712 crinem
1041 2648 1246 2714 madefactus
1267 2669 1397 2714 smomo

582 2749 614 2812 in
639 2753 696 2814 tua
718 2749 808 2814 lucra
830 2749 910 2816 feris
935 2758 1084 2817 exarmet
1106 2759 1219 2838 guttur
1241 2752 1392 2830 alumnis,

582 2858 619 2914 ut
641 2852 784 2938 pandum
808 2853 973 2940 dependat
995 2855 1093 2932 ebur:
1117 2856 1164 2922 sic
1188 2863 1303 2922 trunca
1326 2861 1469 2940 reportat

526 2969 544 3006 ⁵-
583 2955 785 3042 Bosphoreis
810 2958 913 3024 elefas
937 2959 1096 3046 inglorius
1120 2983 1178 3025 ors
1199 2960 1341 3026 tributis.

585 3061 726 3146 porrigis
750 3062 916 3147 ingentem
941 3063 1097 3149 spatiosis
1120 3065 1293 3138 moenibus
1316 3062 1440 3140 urbem,

584 3185 681 3248 quam
705 3172 816 3231 tamen
839 3175 1014 3252 angustam
1038 3170 1178 3256 populus
1202 3169 1295 3242 secit;
1318 3168 1383 3231 itur
1405 3167 1438 3230 in
1461 3185 1583 3251 sequor

583 3268 723 3334 molibus
748 3277 781 3336 et
804 3276 935 3337 veteres
958 3273 1058 3338 tellus
1081 3293 1166 3338 nova
1189 3271 1352 3338 contrahit
1373 3269 1488 3348 undae,

585 3391 724 3456 nemque
748 3372 974 3441 Dicarchaeae
999 3376 1177 3442 translatus
1201 3377 1308 3462 pulvis
1331 3375 1475 3440 herenee

533 3489 537 3500 ·
585 3475 713 3540 intratis
737 3477 896 3542 solidatur
919 3479 1012 3564 aquis
1035 3479 1216 3565 durataque
1240 3500 1349 3544 massa

583 3580 726 3645 sustinet
747 3580 904 3660 advectos
927 3585 1101 3669 peregrino
1125 3584 1159 3648 in
1182 3583 1312 3669 gurgite
1333 3602 1475 3667 campos.

585 3682 631 3746 sic
655 3688 687 3748 te
711 3685 906 3772 dispositam
930 3693 1201 3772 spectantemque
1225 3685 1369 3771 undique
1392 3689 1517 3770 portus,

582 3787 738 3852 vallatam
760 3789 878 3876 pelago
902 3796 1062 3856 terrarum
1085 3790 1256 3855 commoda
1278 3789 1422 3874 cingunt.

630 3891 811 3958 Fortunata
833 3893 923 3974 setis,
945 3893 1080 3960 Romae
1095 3895 1217 3981 partita
1238 3893 1430 3978 triumphos,

533 4011 545 4044 ··
585 4001 619 4059 et
641 3995 705 4060 iam
728 4017 793 4060 non
816 3996 1000 4083 querimur:
1024 3999 1132 4063 valeat
1155 3997 1272 4062 divisio
1296 3996 1400 4082 regni.

585 4099 787 4165 concordant
810 4101 914 4166 lancis
938 4108 1065 4190 partes;
1088 4101 1166 4166 dum
1189 4100 1336 4188 pondera
1358 4107 1469 4165 nostra

584 4203 734 4290 suscipis,
758 4205 917 4290 aequasti.
962 4207 1021 4271 tali
1044 4213 1079 4271 tu
1103 4207 1185 4271 civis
1208 4205 1249 4269 ab
1273 4205 1353 4270 urbe

584 4305 746 4392 Procopio
770 4309 920 4398 genitore
944 4309 1063 4382 micas;
1087 4310 1139 4373 cui
1162 4308 1272 4396 prisce
1294 4328 1441 4394 propago

584 4407 745 4494 Augustis
768 4413 858 4476 venit
879 4434 900 4476 a
922 4413 1063 4499 proavis,
1086 4433 1183 4498 quem
1207 4410 1318 4476 dicere
1342 4411 1442 4496 digno

588 4535 651 4578 non
675 4513 772 4580 datur
794 4517 936 4602 eloquio,
960 4537 1022 4582 nec
1047 4515 1193 4580 simodo
1217 4521 1330 4600 surgat
1353 4514 1485 4580 Averno

583 4619 638 4704 qui
662 4627 759 4684 cantu
781 4621 876 4685 flexit
898 4621 1053 4706 scopulos
1076 4618 1253 4704 digitisque
1277 4618 1405 4682 canoris

585 4721 741 4808 compulit
763 4723 886 4788 auritas
909 4723 951 4787 ad
973 4725 1134 4808 plectrum
1158 4741 1290 4786 currere
1315 4721 1424 4798 silves,

584 4844 657 4888 eum
680 4832 808 4890 starent
830 4825 935 4891 Hebri
959 4826 1076 4892 latices
1099 4846 1262 4909 cursuque
1286 4825 1385 4910 ligeto

583 4929 725 4993 fluminis
748 4929 878 4994 attoniti
903 4951 1035 4995 carmon
1059 4931 1163 5015 magis
1186 4928 1275 4994 unde
1298 4929 1412 4994 sitiret.

218 5070 404 5078 ——--—

318 5189 353 5242 32
370 5207 400 5243 eo
418 5191 458 5240 Ta
519 5189 650 5256 quiriniG
748 5187 783 5240 33
801 5190 914 5256 imperiis
927 5189 959 5238 M
1058 5187 1093 5240 34
1110 5207 1159 5240 car.
1173 5190 1203 5238 M
1304 5188 1338 5240 35
1356 5190 1406 5240 thr.
1426 5185 1502 5254 terra]
1521 5197 1560 5239 tra
1577 5188 1601 5238 Τ
1690 5189 1723 5240 36
1741 5199 1832 5256 gustos
1845 5189 1875 5239 M

216 5274 249 5328 37
268 5277 376 5328 candida
387 5275 461 5328 MPb
584 5273 619 5327 38
637 5293 792 5343 quamquam
805 5277 837 5326 M
955 5273 990 5328 39
1007 5282 1082 5344 putat
1094 5275 1127 5325 M
1131 5275 1155 5339 b,
1178 5285 1262 5344 portat
1275 5277 1297 5327 0
1302 5277 1310 5306 ¹
1432 5273 1468 5325 40
1486 5275 1555 5342 bibet
1571 5275 1601 5325 M
1683 5292 1838 5342 paurnmper
1850 5274 1879 5326 F

215 5359 249 5414 41
273 5362 332 5414 illos
348 5362 383 5414 Μ
510 5361 545 5414 43
568 5362 633 5414 sorix
651 5362 695 5413 F*
827 5361 862 5414 44
886 5370 1115 5428 consummataque
1132 5363 1166 5413 Μ
1296 5360 1331 5414 46
1354 5368 1414 5414 ectu
1432 5360 1486 5412 PT
1615 5357 1648 5412 47
1674 5368 1809 5427 utramque
1827 5361 1875 5412 M·

216 5446 251 5500 48
273 5449 426 5515 aquilonius
446 5450 480 5501 0¹
608 5445 644 5499 49
665 5450 819 5501 chalchidici
840 5449 885 5502 GP
1011 5447 1046 5500 50
1067 5450 1153 5501 tremit
1171 5449 1220 5499 M*
1346 5447 1378 5499 51
1402 5449 1574 5500 schemeniss
1593 5448 1645 5510 0²;
1668 5449 1828 5500 achimenius
1846 5448 1878 5498 M

217 5535 324 5586 thiaram
342 5533 354 5586 l
372 5553 429 5588 rum
442 5535 481 5599 P;
498 5537 592 5588 tiaram
605 5534 640 5585 M
732 5535 766 5587 52
783 5536 908 5588 oderifera
922 5535 947 5586 P
1007 5537 1181 5588 madessotus
1194 5535 1242 5585 Μ·
1338 5533 1372 5586 53
1390 5537 1455 5586 terat
1472 5535 1583 5587 exermis
1594 5535 1637 5588 Ρ·
1697 5551 1720 5586 c.
1734 5539 1767 5586 66
1784 5553 1832 5586 cm.
1846 5535 1880 5584 M

215 5619 251 5671 58
268 5621 362 5674 veteris
374 5620 407 5672 M
409 5629 423 5658 ⁸
510 5617 545 5671 59
562 5621 708 5674 dicarthcae
720 5621 751 5672 M
756 5621 806 5685 To,
824 5622 952 5674 dicerthse
965 5620 1017 5672 FP
1101 5620 1134 5672 61
1154 5622 1250 5688 campis
1262 5621 1293 5670 Μ
1300 5629 1313 5658 ⁸
1400 5617 1435 5672 65
1453 5639 1485 5673 en
1498 5622 1547 5672 iam
1560 5620 1613 5674 Iaeo
1700 5618 1734 5674 66
1745 5621 1834 5678 lauces
1846 5619 1880 5672 Μ

218 5714 303 5758 vestra
316 5705 342 5758 Ρ
445 5724 470 5758 v.
489 5703 522 5760 67
541 5708 584 5762 teli
603 5705 642 5776 tul
661 5709 750 5760 talitue
768 5708 800 5761 Μ
899 5705 932 5758 73
950 5714 1048 5760 swreut
1066 5708 1217 5774 thybriticcs
1234 5725 1312 5760 eursu
1331 5708 1408 5776 legati
1426 5707 1458 5760 M
