4612 6428
1027 673 1087 739 IX.

320 826 500 892 DOMINO
525 827 700 894 SANOTO
724 826 783 892 AO
806 827 1081 893 BEATISSIMO
1105 827 1162 892 ET
1186 825 1472 891 APOSTOLIOA
1495 823 1790 890 REVERENTIA

598 931 897 997 SUSPIOIENDO
920 932 1069 997 PAPAE
1093 929 1282 1026 RURIOIO
1307 928 1521 994 SEDATUS.

337 1049 438 1146 Snus
462 1079 585 1144 credidi
616 1085 665 1158 et,
695 1080 876 1164 quamlibet
903 1079 995 1145 vobis
1024 1078 1222 1143 laboriosum
1250 1081 1352 1157 esset,
1382 1076 1594 1140 vehementer
1621 1076 1745 1161 optavi,
1777 1081 1813 1138 ut
1841 1073 1882 1138 ad
1918 1079 1929 1137 t

192 1197 204 1237 ⁵
234 1185 467 1250 necessitatem
494 1185 605 1264 istam,
641 1205 724 1269 quae
752 1183 805 1248 hic
832 1205 892 1248 noe
920 1182 1082 1260 exhibuit,
1116 1182 1271 1246 veniretis
1299 1183 1351 1246 vel
1387 1201 1446 1267 per
1474 1180 1680 1245 occasionem
1715 1185 1748 1244 et
1780 1179 1881 1243 bene-

233 1287 410 1354 dictionem
433 1296 575 1353 vestram
599 1309 742 1352 mererer
765 1293 798 1351 et
820 1286 1019 1352 desiderium
1043 1307 1213 1351 commune
1237 1291 1348 1349 mutuo
1373 1286 1550 1349 satiaretur
1572 1291 1721 1370 aspectu;
1745 1290 1778 1348 et
1794 1304 1882 1362 vere,

231 1399 443 1478 posteaquam
455 1415 507 1458 me
523 1393 730 1478 praesentiae
746 1396 874 1456 vestrae
891 1412 965 1477 spes
981 1392 1136 1456 frustrata
1154 1396 1213 1470 est,
1232 1389 1325 1455 velut
1341 1389 1381 1454 de
1398 1395 1547 1453 votorum
1564 1388 1705 1452 culmine
1722 1387 1879 1467 deiectus,

233 1532 280 1559 m
302 1502 335 1560 et
358 1496 505 1561 laborem
529 1497 583 1582 qui
605 1495 752 1560 incubuit
775 1503 807 1559 et
831 1495 1015 1561 absentiam
1039 1495 1153 1559 domus
1182 1501 1215 1559 et
1242 1494 1350 1558 omnia
1377 1495 1493 1580 quibus
1521 1491 1692 1578 aegritudo
1723 1490 1882 1578 deceptae

235 1601 304 1686 spei
327 1606 361 1665 et
384 1601 533 1665 anxietas
562 1600 745 1665 cumulatur
771 1599 805 1662 iu
834 1600 977 1663 animum
1003 1620 1114 1664 meum
1144 1599 1265 1684 pariter
1292 1601 1523 1663 convenerunt.
1569 1603 1602 1660 et
1631 1597 1692 1661 scit
1722 1594 1883 1676 dominus,
1916 1599 1936 1660 2

182 1716 207 1755 1⁰
235 1703 322 1787 quod
345 1705 372 1768 si
396 1705 480 1768 vires
505 1709 718 1791 suppeterent
741 1711 797 1768 aut
820 1725 936 1791 parere
960 1703 1135 1768 desideriis
1151 1702 1269 1767 aetatis
1285 1702 1456 1766 infirmitas
1473 1708 1642 1787 pateretur
1657 1707 1713 1764 aut
1729 1700 1756 1764 si
1772 1705 1884 1764 essent

235 1808 397 1888 animalia,
422 1808 539 1894 quibus
562 1814 689 1872 tautum
711 1809 770 1872 tali
793 1816 941 1895 tempore
964 1814 1076 1895 posset
1098 1808 1224 1873 itineris
1248 1807 1412 1893 expediri,
1435 1826 1501 1870 aon
1523 1804 1612 1891 prius
1637 1824 1698 1888 ego
1721 1825 1740 1868 a
1763 1803 1884 1868 Tolosa

234 1918 425 1994 reverterer,
456 1932 553 1997 quam
583 1911 796 1977 beatitudinis
820 1919 947 1976 vestrae
978 1919 1010 1977 et
1039 1912 1212 1997 singularis
1242 1911 1329 1976 illius
1359 1910 1503 1974 caritatis
1533 1907 1796 1974 benedictionem
1826 1908 1883 1973 de·
1951 1937 1953 1940 ·

234 2014 502 2081 sideratissimam
529 2038 743 2103 promererer.
789 2017 848 2082 sed
870 2018 948 2103 quia
975 2016 1058 2081 haee
1081 2037 1166 2101 quae
1187 2035 1286 2101 supra
1308 2014 1396 2078 dicte
1419 2019 1494 2077 sunt
1516 2011 1687 2078 desideriis
1710 2013 1883 2092 obsistunt,
1917 2014 1935 2076 3

232 2140 311 2204 rogo
336 2126 368 2184 et
390 2142 449 2208 per
472 2119 638 2185 Christum
662 2142 720 2186 vos
744 2120 867 2201 adiuro,
893 2126 930 2183 ut
952 2141 1004 2183 me
1026 2119 1119 2184 vobis
1140 2125 1253 2183 vestra
1276 2138 1406 2204 semper
1428 2119 1533 2203 pietas
1556 2121 1794 2203 repraesentet,
1824 2137 1884 2180 nec
1932 2169 1933 2174 ,

182 2239 206 2277 ¹⁵
233 2225 411 2309 patiamini,
439 2231 475 2289 ut
497 2246 556 2310 pro
580 2224 761 2289 officiorum
783 2224 936 2289 tarditate
961 2223 1130 2288 caritatem
1152 2222 1324 2286 imminuat
1347 2228 1404 2286 aut
1427 2222 1565 2286 offuscet
1588 2220 1719 2300 oblivio,
1744 2218 1801 2284 sed
1824 2240 1883 2305 pro

232 2348 300 2405 me,
331 2328 415 2392 sicut
437 2326 547 2392 iacere
571 2348 628 2392 vos
652 2333 760 2392 certus
789 2349 877 2406 sum,
906 2327 1112 2391 incessanter
1140 2326 1239 2390 oretis
1268 2331 1316 2405 et,
1347 2326 1498 2412 quotiens
1526 2328 1746 2411 opportunum
1776 2323 1885 2402 fuerit,

234 2452 363 2496 servum
386 2438 530 2496 vestrum
553 2454 613 2519 per
630 2433 794 2519 colloquia
816 2433 998 2496 litterarum
1022 2431 1157 2495 visitare
1181 2428 1371 2515 dignemini.

1039 2726 1082 2791 X.

484 2881 663 2962 DOMINO
688 2879 863 2946 SANOTO
886 2880 944 2946 AO
968 2879 1241 2946 BEATISSIMO
1264 2879 1323 2944 ET
1346 2876 1632 2944 APOSTOLIOA

182 2997 207 3036 ²⁰
255 2985 552 3050 REVERENTIA
577 2984 874 3050 SUSPIOIENDO
897 2984 1046 3050 PAPAE
1069 2983 1127 3049 ET
1150 2982 1245 3049 MEO
1270 2981 1477 3048 SPEOIALI
1500 2979 1623 3046 APUD
1647 2979 1862 3045 DOMINUM

729 3088 941 3155 PATRONO
965 3088 1152 3154 RURIOIO
1177 3086 1393 3153 SEDATUS.

337 3208 487 3302 Rursum
511 3259 562 3303 me
586 3239 672 3302 filius
696 3245 815 3318 noster,
839 3238 978 3302 salutem
1001 3237 1298 3321 salutationemque
1322 3241 1412 3300 tuam
1434 3235 1599 3313 nunhans,
1623 3254 1682 3320 per
1705 3253 1802 3316 quem
1825 3253 1885 3317 ego
1920 3236 1933 3295 l

236 3362 316 3426 quas
340 3363 406 3406 non
428 3343 533 3407 merui
555 3344 682 3408 litteras
706 3342 797 3424 dedi,
829 3364 871 3407 ex
894 3342 956 3406 hoc
980 3341 1141 3406 desiderio
1163 3361 1236 3405 meo
1259 3339 1483 3420 satisfaciens,
1513 3339 1541 3402 si
1563 3337 1617 3402 vel
1640 3336 1739 3401 officii
1762 3334 1804 3401 ad
1827 3357 1884 3400 vos

235 3445 356 3530 pagina
389 3447 587 3532 perveniret.
637 3449 744 3512 saluto
772 3447 883 3532 itaque
912 3446 1087 3532 plurimum
1117 3451 1150 3510 at
1177 3465 1257 3529 rogo
1287 3464 1346 3530 per
1373 3443 1463 3507 illam
1492 3443 1662 3506 caritatem
1693 3461 1775 3526 qnae
1804 3439 1884 3505 mihi
1916 3441 1936 3502 2

181 3560 206 3599 ²⁵
236 3548 390 3613 affectum
413 3548 699 3636 dignationemque
729 3558 818 3615 tuam
846 3551 988 3630 nuntiat,
1021 3572 1062 3615 ne
1089 3555 1122 3614 te
1152 3549 1276 3636 pigeat,
1310 3548 1460 3633 quotiens
1488 3553 1721 3632 opportunum,
1753 3561 1884 3609 servum

234 3656 325 3716 tuum
349 3653 532 3719 litterarum
555 3675 691 3720 munere
714 3655 857 3736 visitare,
882 3655 957 3739 quia
980 3659 1084 3719 testor
1106 3651 1219 3734 deum,
1243 3649 1330 3738 quod
1352 3656 1425 3737 post
1447 3650 1669 3737 praesentiam
1692 3657 1781 3714 tuam
1804 3647 1884 3711 nihil

233 3755 312 3819 mihi
331 3756 456 3821 dulcius
474 3763 535 3838 est,
560 3780 658 3844 quam
679 3760 707 3823 si
728 3759 922 3845 colloquium
941 3756 1259 3823 desiderantissimae
1277 3755 1411 3841 pietatis
1430 3755 1483 3820 vel
1498 3754 1677 3819 litterarum
1695 3751 1884 3837 dignatione

234 3880 395 3926 meruero.
441 3883 521 3948 rogo
546 3864 645 3927 etiam
668 3873 702 3928 et
725 3863 812 3927 omni
834 3883 932 3948 prece
956 3860 1108 3947 deposco,
1132 3866 1169 3924 ut
1190 3881 1249 3946 pro
1273 3880 1336 3939 me,
1360 3859 1446 3924 siout
1467 3858 1576 3923 facere
1594 3878 1652 3921 vos
1669 3862 1777 3920 certus
1801 3875 1882 3935 sum,
1916 3856 1935 3917 3

236 3963 307 4028 sine
341 3967 525 4032 cessatione
559 3967 763 4033 intercedere
799 3975 833 4031 et
866 3987 959 4030 orare
994 3965 1183 4052 dignemini.
1233 3963 1317 4028 filios
1351 3967 1480 4027 nostros
1515 3969 1547 4027 et
1575 3981 1736 4026 venerans
1765 3965 1798 4024 et
1825 3957 1883 4024 de-

182 4080 208 4120 ³⁰
237 4066 383 4132 siderans
406 4070 522 4135 saluto.

1031 4277 1092 4344 XI.

412 4432 590 4498 DOMINO
616 4432 801 4512 SANO'IO,
826 4432 1009 4498 MERITIS
1033 4431 1317 4512 BEATISSIMO,
1340 4429 1491 4495 PAPAE
1513 4427 1714 4493 HONORIS

277 4535 440 4602 ‘CULTU
464 4537 764 4603 SUSPIOIENDO
787 4535 941 4611 ATQUE
965 4535 1248 4602 APOSTOLIOO
1270 4533 1417 4613 PATRI,
1440 4532 1620 4599 DOMINO
1643 4531 1831 4596 RURIOIO

809 4641 1028 4708 EPISOOPO
1050 4639 1317 4707 EUPRASIUS.

184 4791 209 4832 ³⁵
339 4758 512 4863 Rnsrcunu
525 4789 703 4856 taediosam
717 4792 872 4877 pietatem
884 4796 1029 4854 vestram
1045 4811 1119 4854 esse
1133 4789 1224 4854 tenui
1237 4808 1366 4852 rumore
1380 4787 1528 4872 cognovi,
1545 4785 1728 4850 Sicharium
1739 4785 1884 4850 baiulum
1919 4788 1931 4847 1

236 4891 407 4974 destinavi,
431 4900 467 4957 ut
490 4896 691 4960 anxietatem
713 4915 819 4959 meam
842 4892 882 4956 de
906 4891 1085 4957 acerbitate
1109 4893 1215 4957 nuntii
1238 4892 1389 4956 celeriter
1412 4891 1574 4972 relevetis,
1598 4889 1675 4975 quia
1699 4890 1759 4953 scit
1773 4889 1883 4953 divina

236 4997 358 5082 pietas,
391 4997 474 5082 quod
506 5004 539 5062 et
566 4999 731 5063 tristitiam
760 5005 793 5063 et
820 4997 1042 5062 infirmitatem
1065 5003 1209 5061 vestram
1239 5016 1302 5060 non
1327 4995 1572 5082 compatientis,
1605 4993 1665 5058 sed
1687 4993 1883 5079 perferentis

339 5222 353 5273 1
373 5221 420 5290 IX]
439 5224 467 5274 in
483 5241 532 5290 naq.
545 5242 595 5276 scr.
611 5223 647 5276 G:
672 5224 768 5276 Nedato
786 5223 919 5290 responso
935 5223 1057 5273 Ruricium
1075 5221 1117 5286 11,
1133 5225 1177 5285 36,
1195 5221 1302 5273 Ruricio
1321 5223 1432 5275 Sadame
1449 5224 1523 5290 infra
1540 5239 1582 5273 nr.
1595 5220 1677 5272 XIII
1768 5218 1785 5271 3
1803 5222 1885 5288 suspi-

237 5308 337 5378 ciendo]
365 5310 469 5376 scripsi,
500 5313 661 5379 suscipiendo
687 5313 710 5363 0
846 5309 863 5362 4
890 5308 1040 5378 quamlibet]
1068 5311 1172 5377 scripsi,
1199 5329 1276 5378 quarn
1303 5312 1380 5363 hahet
1404 5310 1439 5374 G,
1464 5327 1541 5376 quam
1568 5309 1663 5360 habeta
1689 5310 1737 5360 iter
1766 5308 1885 5360 Oanisias

237 5395 423 5448 IfrustataG
541 5396 619 5450 8odi
637 5399 677 5450 vel
698 5399 799 5450 fastidio
817 5398 979 5449 desideratur
1065 5400 1209 5450 esculentia
1230 5399 1253 5449 O
1374 5395 1408 5448 10
1424 5403 1521 5448 aetatm
1542 5395 1566 5446 G
1687 5394 1718 5446 11
1737 5394 1884 5446 itineresO

235 5483 342 5547 tholosa,
360 5502 379 5535 a.
395 5485 412 5534 l.
426 5485 482 5536 ho
563 5483 595 5536 12
612 5483 821 5537 beatitudinesO
907 5482 940 5535 18
958 5482 992 5552 X]
1005 5485 1033 5535 s'n
1046 5503 1095 5550 rap.
1108 5485 1229 5550 conputus
1241 5486 1302 5551 fere
1320 5481 1460 5534 wanaitO
1547 5478 1582 5532 20
1600 5477 1770 5548 suspiciendo]
1785 5481 1884 5547 scripsi,

235 5571 436 5637 suscipiendoG
521 5569 678 5623 relitteres.
706 5572 771 5623 Dedi
783 5587 816 5624 ex
828 5572 877 5622 hoc
889 5571 1020 5638 distinguit
1034 5572 1075 5623 G:
1092 5573 1189 5622 scribas
1200 5572 1299 5622 litteras
1311 5571 1400 5636 accepi
1411 5577 1436 5621 et
1447 5569 1493 5620 has
1505 5569 1603 5620 reddidi
1689 5566 1720 5620 31
1735 5565 1784 5635 XI]
1796 5569 1824 5618 in
1834 5585 1884 5634 naq.

236 5673 284 5708 scr.
297 5657 332 5708 G:
348 5657 472 5709 Ruricius
488 5657 530 5723 II,
543 5661 575 5709 22
587 5659 718 5725 rerpmsdit
802 5656 836 5709 33
852 5657 980 5709 domno&
1064 5655 1099 5710 35
1112 5654 1256 5725 postquam]
1272 5655 1370 5722 tempsi,
1382 5657 1411 5721 P,
1427 5663 1511 5707 cetera
1527 5655 1719 5708 manumet&
1770 5653 1885 5706 tenuat}

235 5741 386 5812 sicharium]
406 5745 505 5810 εονίρεί,
523 5745 568 5796 sed
585 5745 676 5796 harum
697 5745 721 5796 G
744 5769 746 5778 ⁴
822 5743 855 5797 37
875 5746 1031 5812 perferentes
1052 5745 1075 5796 G

339 5860 468 5916 Sincaius.
1645 5861 1680 5916 35
