<?xml version="1.0" encoding="UTF-8"?>
<!DOCTYPE html PUBLIC "-//W3C//DTD XHTML 1.0 Transitional//EN"
    "http://www.w3.org/TR/xhtml1/DTD/xhtml1-transitional.dtd">
<html xmlns="http://www.w3.org/1999/xhtml" xml:lang="en" lang="en">
 <head>
  <title>
</title>
<meta http-equiv="Content-Type" content="text/html;charset=utf-8" />
  <meta name='ocr-system' content='tesseract 3.04.00' />
  <meta name='ocr-capabilities' content='ocr_page ocr_carea ocr_par ocr_line ocrx_word'/>
</head>
<body>
  <div class='ocr_page' id='page_1' title='image "./monumentagerman03mittgoog/monumentagerman03mittgoog_0081.png"; bbox 0 0 4732 6436; ppageno 0'>
   <div class='ocr_carea' id='block_1_1' title="bbox 507 397 1669 454">
    <p class='ocr_par' dir='ltr' id='par_1_1' title="bbox 507 397 1669 454">
     <span class='ocr_line' id='line_1_1' title="bbox 507 397 1669 454; baseline 0.003 -5"><span class='ocrx_word' id='word_1_1' title='bbox 507 399 616 449; x_wconf 76' lang='lat' dir='ltr'>LXXIV</span> <span class='ocrx_word' id='word_1_2' title='bbox 1004 397 1208 452; x_wconf 77' lang='lat' dir='ltr'><strong>PRAEFATIO</strong></span> <span class='ocrx_word' id='word_1_3' title='bbox 1228 397 1268 452; x_wconf 85' lang='lat' dir='ltr'><strong>IN</strong></span> <span class='ocrx_word' id='word_1_4' title='bbox 1286 397 1469 454; x_wconf 82' lang='lat' dir='ltr'><strong>RVRICIVM</strong></span> <span class='ocrx_word' id='word_1_5' title='bbox 1488 398 1669 454; x_wconf 82' lang='lat' dir='ltr'><strong>KRUSCHII.</strong></span> 
     </span>
    </p>
   </div>
   <div class='ocr_carea' id='block_1_2' title="bbox 506 567 2167 1381">
    <p class='ocr_par' dir='ltr' id='par_1_2' title="bbox 506 567 2167 968">
     <span class='ocr_line' id='line_1_2' title="bbox 507 567 2162 656; baseline 0.001 -24"><span class='ocrx_word' id='word_1_6' title='bbox 507 568 646 655; x_wconf 87' lang='lat' dir='ltr'><strong>(saepe),</strong></span> <span class='ocrx_word' id='word_1_7' title='bbox 670 571 875 652; x_wconf 78' lang='lat' dir='ltr'><strong>antiopaeret,</strong></span> <span class='ocrx_word' id='word_1_8' title='bbox 898 569 1042 635; x_wconf 74' lang='lat' dir='ltr'><strong>annitere</strong></span> <span class='ocrx_word' id='word_1_9' title='bbox 1065 569 1207 656; x_wconf 85' lang='lat' dir='ltr'><strong>(saepe).</strong></span> <span class='ocrx_word' id='word_1_10' title='bbox 1252 569 1348 634; x_wconf 91' lang='lat' dir='ltr'><strong>Hauc</strong></span> <span class='ocrx_word' id='word_1_11' title='bbox 1373 570 1513 634; x_wconf 89' lang='lat' dir='ltr'><strong>restitui.</strong></span> <span class='ocrx_word' id='word_1_12' title='bbox 1538 569 1645 633; x_wconf 90' lang='lat' dir='ltr'><strong>-In</strong></span> <span class='ocrx_word' id='word_1_13' title='bbox 1667 567 1865 634; x_wconf 84' lang='lat' dir='ltr'><strong>anteluca</strong></span> <span class='ocrx_word' id='word_1_14' title='bbox 1890 570 2077 634; x_wconf 74' lang='lat' dir='ltr'><strong>assimilavi.</strong></span> <span class='ocrx_word' id='word_1_15' title='bbox 2124 569 2162 634; x_wconf 93' lang='lat' dir='ltr'><strong>In</strong></span> 
     </span>
     <span class='ocr_line' id='line_1_3' title="bbox 509 671 2167 759; baseline 0.001 -23"><span class='ocrx_word' id='word_1_16' title='bbox 509 671 655 736; x_wconf 82' lang='lat' dir='ltr'><strong>Goliam</strong></span> <span class='ocrx_word' id='word_1_17' title='bbox 672 672 781 737; x_wconf 73' lang='lat' dir='ltr'><strong>anteit</strong></span> <span class='ocrx_word' id='word_1_18' title='bbox 803 672 914 757; x_wconf 87' lang='lat' dir='ltr'><strong>(raro),</strong></span> <span class='ocrx_word' id='word_1_19' title='bbox 937 693 977 750; x_wconf 91' lang='lat' dir='ltr'><strong>m,</strong></span> <span class='ocrx_word' id='word_1_20' title='bbox 994 694 1030 754; x_wconf 82' lang='lat' dir='ltr'><strong>p,</strong></span> <span class='ocrx_word' id='word_1_21' title='bbox 1049 672 1355 759; x_wconf 68' lang='lat' dir='ltr'><strong>rinonnumquam)</strong></span> <span class='ocrx_word' id='word_1_22' title='bbox 1378 673 1414 736; x_wconf 88' lang='lat' dir='ltr'><strong>in</strong></span> <span class='ocrx_word' id='word_1_23' title='bbox 1435 678 1599 737; x_wconf 86' lang='lat' dir='ltr'><strong>servatur:</strong></span> <span class='ocrx_word' id='word_1_24' title='bbox 1624 671 1773 749; x_wconf 78' lang='lat' dir='ltr'><strong>inieritis,</strong></span> <span class='ocrx_word' id='word_1_25' title='bbox 1797 674 1990 750; x_wconf 81' lang='lat' dir='ltr'><strong>inmaturus,</strong></span> <span class='ocrx_word' id='word_1_26' title='bbox 2013 674 2167 738; x_wconf 85' lang='lat' dir='ltr'><strong>inmernor</strong></span> 
     </span>
     <span class='ocr_line' id='line_1_4' title="bbox 507 775 2166 863; baseline 0.001 -23"><span class='ocrx_word' id='word_1_27' title='bbox 507 775 677 861; x_wconf 87' lang='lat' dir='ltr'><strong>(semper),</strong></span> <span class='ocrx_word' id='word_1_28' title='bbox 701 777 883 856; x_wconf 76' lang='lat' dir='ltr'><strong>inminente,</strong></span> <span class='ocrx_word' id='word_1_29' title='bbox 906 777 1121 842; x_wconf 66' lang='lat' dir='ltr'><strong>inmortalitas</strong></span> <span class='ocrx_word' id='word_1_30' title='bbox 1144 777 1283 863; x_wconf 88' lang='lat' dir='ltr'><strong>(saepe),</strong></span> <span class='ocrx_word' id='word_1_31' title='bbox 1306 777 1529 853; x_wconf 72' lang='lat' dir='ltr'><strong>inmunditiae,</strong></span> <span class='ocrx_word' id='word_1_32' title='bbox 1551 777 1736 857; x_wconf 71' lang='lat' dir='ltr'><strong>inpeditam,</strong></span> <span class='ocrx_word' id='word_1_33' title='bbox 1759 777 1831 857; x_wconf 81' lang='lat' dir='ltr'><strong>inp·</strong></span> <span class='ocrx_word' id='word_1_34' title='bbox 1848 775 1959 862; x_wconf 85' lang='lat' dir='ltr'><strong>(fere),</strong></span> <span class='ocrx_word' id='word_1_35' title='bbox 1983 777 2166 842; x_wconf 78' lang='lat' dir='ltr'><strong>inraciona-</strong></span> 
     </span>
     <span class='ocr_line' id='line_1_5' title="bbox 506 879 1993 968; baseline 0.001 -25"><span class='ocrx_word' id='word_1_36' title='bbox 506 879 588 956; x_wconf 83' lang='lat' dir='ltr'><strong>bilis,</strong></span> <span class='ocrx_word' id='word_1_37' title='bbox 612 880 786 962; x_wconf 70' lang='lat' dir='ltr'><strong>inmpostis.</strong></span> <span class='ocrx_word' id='word_1_38' title='bbox 811 919 852 929; x_wconf 94' lang='lat'><em>-</em></span> <span class='ocrx_word' id='word_1_39' title='bbox 879 881 941 962; x_wconf 56' lang='lat' dir='ltr'><strong>(ns</strong></span> <span class='ocrx_word' id='word_1_40' title='bbox 964 887 998 945; x_wconf 88' lang='lat' dir='ltr'><strong>et</strong></span> <span class='ocrx_word' id='word_1_41' title='bbox 1020 881 1103 962; x_wconf 79' lang='lat' dir='ltr'><strong>Sap·</strong></span> <span class='ocrx_word' id='word_1_42' title='bbox 1127 889 1203 947; x_wconf 91' lang='lat' dir='ltr'><strong>aute</strong></span> <span class='ocrx_word' id='word_1_43' title='bbox 1226 902 1248 968; x_wconf 89' lang='lat' dir='ltr'>p</span> <span class='ocrx_word' id='word_1_44' title='bbox 1270 882 1397 968; x_wconf 80' lang='lat' dir='ltr'><strong>scripsi,</strong></span> <span class='ocrx_word' id='word_1_45' title='bbox 1421 889 1455 946; x_wconf 90' lang='lat' dir='ltr'><strong>at</strong></span> <span class='ocrx_word' id='word_1_46' title='bbox 1471 881 1502 945; x_wconf 83' lang='lat' dir='ltr'><strong>G</strong></span> <span class='ocrx_word' id='word_1_47' title='bbox 1519 905 1525 945; x_wconf 92' lang='lat'>:</span> <span class='ocrx_word' id='word_1_48' title='bbox 1542 881 1753 962; x_wconf 77' lang='lat' dir='ltr'><strong>obproprium,</strong></span> <span class='ocrx_word' id='word_1_49' title='bbox 1775 881 1993 962; x_wconf 67' lang='lat' dir='ltr'><strong>suimressmis</strong></span> 
     </span>
    </p>

    <p class='ocr_par' dir='ltr' id='par_1_3' title="bbox 507 982 2166 1381">
     <span class='ocr_line' id='line_1_6' title="bbox 614 982 2164 1072; baseline 0.002 -26"><span class='ocrx_word' id='word_1_50' title='bbox 614 982 653 1046; x_wconf 90' lang='lat' dir='ltr'><strong>In</strong></span> <span class='ocrx_word' id='word_1_51' title='bbox 677 982 837 1048; x_wconf 85' lang='lat' dir='ltr'><strong>codieeG</strong></span> <span class='ocrx_word' id='word_1_52' title='bbox 860 986 1021 1072; x_wconf 90' lang='lat' dir='ltr'><strong>epistulae</strong></span> <span class='ocrx_word' id='word_1_53' title='bbox 1037 984 1150 1049; x_wconf 81' lang='lat' dir='ltr'><strong>Fausti</strong></span> <span class='ocrx_word' id='word_1_54' title='bbox 1173 984 1214 1049; x_wconf 92' lang='lat' dir='ltr'><strong>ad</strong></span> <span class='ocrx_word' id='word_1_55' title='bbox 1237 984 1385 1049; x_wconf 87' lang='lat' dir='ltr'><strong>diversos</strong></span> <span class='ocrx_word' id='word_1_56' title='bbox 1409 984 1611 1069; x_wconf 87' lang='lat' dir='ltr'><strong>praecedunt</strong></span> <span class='ocrx_word' id='word_1_57' title='bbox 1635 1006 1692 1049; x_wconf 89' lang='lat' dir='ltr'><strong>cas</strong></span> <span class='ocrx_word' id='word_1_58' title='bbox 1715 1005 1799 1070; x_wconf 91' lang='lat' dir='ltr'><strong>quae</strong></span> <span class='ocrx_word' id='word_1_59' title='bbox 1823 983 1864 1049; x_wconf 94' lang='lat' dir='ltr'><strong>ad</strong></span> <span class='ocrx_word' id='word_1_60' title='bbox 1881 984 2049 1049; x_wconf 89' lang='lat' dir='ltr'><strong>Ruricium</strong></span> <span class='ocrx_word' id='word_1_61' title='bbox 2066 984 2164 1049; x_wconf 91' lang='lat' dir='ltr'><strong>datae</strong></span> 
     </span>
     <span class='ocr_line' id='line_1_7' title="bbox 507 1086 2166 1175; baseline 0.001 -25"><span class='ocrx_word' id='word_1_62' title='bbox 507 1092 593 1154; x_wconf 91' lang='lat' dir='ltr'><strong>sunt.</strong></span> <span class='ocrx_word' id='word_1_63' title='bbox 638 1086 718 1152; x_wconf 85' lang='lat' dir='ltr'><strong>Mihi</strong></span> <span class='ocrx_word' id='word_1_64' title='bbox 741 1109 819 1153; x_wconf 84' lang='lat' dir='ltr'><strong>vero</strong></span> <span class='ocrx_word' id='word_1_65' title='bbox 843 1109 1037 1174; x_wconf 89' lang='lat' dir='ltr'><strong>persuasum</strong></span> <span class='ocrx_word' id='word_1_66' title='bbox 1062 1095 1113 1152; x_wconf 89' lang='lat' dir='ltr'><strong>est</strong></span> <span class='ocrx_word' id='word_1_67' title='bbox 1135 1089 1231 1152; x_wconf 91' lang='lat' dir='ltr'><strong>huius</strong></span> <span class='ocrx_word' id='word_1_68' title='bbox 1255 1088 1402 1174; x_wconf 90' lang='lat' dir='ltr'><strong>corporis</strong></span> <span class='ocrx_word' id='word_1_69' title='bbox 1427 1095 1594 1154; x_wconf 82' lang='lat' dir='ltr'><strong>auctorem</strong></span> <span class='ocrx_word' id='word_1_70' title='bbox 1617 1089 1766 1174; x_wconf 79' lang='lat' dir='ltr'><strong>epistulis</strong></span> <span class='ocrx_word' id='word_1_71' title='bbox 1787 1087 1956 1152; x_wconf 88' lang='lat' dir='ltr'><strong>aRuricic</strong></span> <span class='ocrx_word' id='word_1_72' title='bbox 1978 1089 2166 1175; x_wconf 88' lang='lat' dir='ltr'><strong>compositis</strong></span> 
     </span>
     <span class='ocr_line' id='line_1_8' title="bbox 507 1189 2164 1276; baseline 0.001 -21"><span class='ocrx_word' id='word_1_73' title='bbox 507 1190 612 1255; x_wconf 88' lang='lat' dir='ltr'><strong>nullas</strong></span> <span class='ocrx_word' id='word_1_74' title='bbox 641 1191 852 1276; x_wconf 78' lang='lat' dir='ltr'><strong>praemisisse</strong></span> <span class='ocrx_word' id='word_1_75' title='bbox 882 1193 946 1256; x_wconf 90' lang='lat' dir='ltr'><strong>nisi</strong></span> <span class='ocrx_word' id='word_1_76' title='bbox 974 1213 993 1255; x_wconf 90' lang='lat' dir='ltr'><strong>a</strong></span> <span class='ocrx_word' id='word_1_77' title='bbox 1022 1192 1144 1257; x_wconf 83' lang='lat' dir='ltr'><strong>Fausto</strong></span> <span class='ocrx_word' id='word_1_78' title='bbox 1175 1191 1312 1276; x_wconf 90' lang='lat' dir='ltr'><strong>aliisque</strong></span> <span class='ocrx_word' id='word_1_79' title='bbox 1342 1191 1383 1256; x_wconf 92' lang='lat' dir='ltr'><strong>ad</strong></span> <span class='ocrx_word' id='word_1_80' title='bbox 1410 1189 1578 1256; x_wconf 84' lang='lat' dir='ltr'><strong>Ruricium</strong></span> <span class='ocrx_word' id='word_1_81' title='bbox 1610 1191 1715 1270; x_wconf 88' lang='lat' dir='ltr'><strong>datas,</strong></span> <span class='ocrx_word' id='word_1_82' title='bbox 1746 1212 1789 1255; x_wconf 86' lang='lat' dir='ltr'><strong>cx</strong></span> <span class='ocrx_word' id='word_1_83' title='bbox 1818 1193 1881 1256; x_wconf 89' lang='lat' dir='ltr'><strong>alio</strong></span> <span class='ocrx_word' id='word_1_84' title='bbox 1911 1198 2020 1256; x_wconf 90' lang='lat' dir='ltr'><strong>autem</strong></span> <span class='ocrx_word' id='word_1_85' title='bbox 2051 1191 2164 1256; x_wconf 88' lang='lat' dir='ltr'><strong>codice</strong></span> 
     </span>
     <span class='ocr_line' id='line_1_9' title="bbox 508 1294 2166 1381; baseline 0 -22"><span class='ocrx_word' id='word_1_86' title='bbox 508 1294 623 1359; x_wconf 86' lang='lat' dir='ltr'><strong>Fausti</strong></span> <span class='ocrx_word' id='word_1_87' title='bbox 654 1315 735 1379; x_wconf 89' lang='lat' dir='ltr'><strong>quas</strong></span> <span class='ocrx_word' id='word_1_88' title='bbox 762 1295 804 1360; x_wconf 91' lang='lat' dir='ltr'><strong>ad</strong></span> <span class='ocrx_word' id='word_1_89' title='bbox 834 1296 981 1361; x_wconf 88' lang='lat' dir='ltr'><strong>diversos</strong></span> <span class='ocrx_word' id='word_1_90' title='bbox 1010 1295 1099 1360; x_wconf 88' lang='lat' dir='ltr'><strong>dedit</strong></span> <span class='ocrx_word' id='word_1_91' title='bbox 1125 1295 1306 1381; x_wconf 86' lang='lat' dir='ltr'><strong>Lucidique</strong></span> <span class='ocrx_word' id='word_1_92' title='bbox 1337 1295 1496 1381; x_wconf 89' lang='lat' dir='ltr'><strong>epistulas</strong></span> <span class='ocrx_word' id='word_1_93' title='bbox 1525 1295 1565 1360; x_wconf 93' lang='lat' dir='ltr'><strong>iis</strong></span> <span class='ocrx_word' id='word_1_94' title='bbox 1593 1296 1673 1360; x_wconf 90' lang='lat' dir='ltr'><strong>loeis</strong></span> <span class='ocrx_word' id='word_1_95' title='bbox 1701 1297 1843 1360; x_wconf 88' lang='lat' dir='ltr'><strong>insertas</strong></span> <span class='ocrx_word' id='word_1_96' title='bbox 1873 1317 1961 1374; x_wconf 91' lang='lat' dir='ltr'><strong>esse,</strong></span> <span class='ocrx_word' id='word_1_97' title='bbox 1990 1296 2044 1381; x_wconf 91' lang='lat' dir='ltr'><strong>qui</strong></span> <span class='ocrx_word' id='word_1_98' title='bbox 2072 1296 2166 1360; x_wconf 87' lang='lat' dir='ltr'><strong>vacui</strong></span> 
     </span>
    </p>
   </div>
   <div class='ocr_carea' id='block_1_3' title="bbox 395 1399 2167 1486">
    <p class='ocr_par' dir='ltr' id='par_1_4' title="bbox 395 1399 2167 1486">
     <span class='ocr_line' id='line_1_10' title="bbox 395 1399 2167 1486; baseline 0.001 -24"><span class='ocrx_word' id='word_1_99' title='bbox 395 1445 399 1452; x_wconf 86' lang='lat'>-</span> <span class='ocrx_word' id='word_1_100' title='bbox 507 1403 728 1482; x_wconf 82' lang='lat' dir='ltr'><strong>superessent.</strong></span> <span class='ocrx_word' id='word_1_101' title='bbox 765 1399 872 1472; x_wconf 80' lang='lat' dir='ltr'><strong>Quam</strong></span> <span class='ocrx_word' id='word_1_102' title='bbox 889 1400 930 1464; x_wconf 92' lang='lat' dir='ltr'><strong>ob</strong></span> <span class='ocrx_word' id='word_1_103' title='bbox 948 1422 1014 1464; x_wconf 91' lang='lat' dir='ltr'><strong>rem</strong></span> <span class='ocrx_word' id='word_1_104' title='bbox 1032 1401 1210 1485; x_wconf 89' lang='lat' dir='ltr'><strong>pleraeque</strong></span> <span class='ocrx_word' id='word_1_105' title='bbox 1229 1400 1260 1463; x_wconf 93' lang='lat' dir='ltr'><strong>iu</strong></span> <span class='ocrx_word' id='word_1_106' title='bbox 1276 1400 1346 1486; x_wconf 89' lang='lat' dir='ltr'><strong>ipso</strong></span> <span class='ocrx_word' id='word_1_107' title='bbox 1362 1399 1518 1484; x_wconf 89' lang='lat' dir='ltr'><strong>principio</strong></span> <span class='ocrx_word' id='word_1_108' title='bbox 1535 1400 1714 1464; x_wconf 89' lang='lat' dir='ltr'><strong>collocatae</strong></span> <span class='ocrx_word' id='word_1_109' title='bbox 1731 1405 1817 1480; x_wconf 89' lang='lat' dir='ltr'><strong>sunt,</strong></span> <span class='ocrx_word' id='word_1_110' title='bbox 1840 1399 1924 1464; x_wconf 88' lang='lat' dir='ltr'><strong>duae</strong></span> <span class='ocrx_word' id='word_1_111' title='bbox 1937 1401 1962 1482; x_wconf 83' lang='lat'><strong>¹)</strong></span> <span class='ocrx_word' id='word_1_112' title='bbox 1986 1420 2064 1464; x_wconf 85' lang='lat' dir='ltr'><strong>vero</strong></span> <span class='ocrx_word' id='word_1_113' title='bbox 2081 1401 2167 1466; x_wconf 92' lang='lat' dir='ltr'><strong>iuter</strong></span> 
     </span>
    </p>
   </div>
   <div class='ocr_carea' id='block_1_4' title="bbox 507 1501 2167 3043">
    <p class='ocr_par' dir='ltr' id='par_1_5' title="bbox 507 1501 2167 2732">
     <span class='ocr_line' id='line_1_11' title="bbox 507 1501 2165 1590; baseline 0.002 -26"><span class='ocrx_word' id='word_1_114' title='bbox 507 1501 666 1586; x_wconf 89' lang='lat' dir='ltr'><strong>epistulas</strong></span> <span class='ocrx_word' id='word_1_115' title='bbox 683 1501 826 1566; x_wconf 84' lang='lat' dir='ltr'><strong>Rufrasii</strong></span> <span class='ocrx_word' id='word_1_116' title='bbox 850 1511 883 1567; x_wconf 91' lang='lat' dir='ltr'><strong>et</strong></span> <span class='ocrx_word' id='word_1_117' title='bbox 899 1502 1045 1568; x_wconf 80' lang='lat' dir='ltr'><strong>Caesarii</strong></span> <span class='ocrx_word' id='word_1_118' title='bbox 1069 1503 1110 1567; x_wconf 90' lang='lat' dir='ltr'><strong>ad</strong></span> <span class='ocrx_word' id='word_1_119' title='bbox 1126 1502 1294 1567; x_wconf 89' lang='lat' dir='ltr'><strong>Ruricium</strong></span> <span class='ocrx_word' id='word_1_120' title='bbox 1309 1502 1403 1566; x_wconf 88' lang='lat' dir='ltr'><strong>datas</strong></span> <span class='ocrx_word' id='word_1_121' title='bbox 1424 1503 1649 1588; x_wconf 88' lang='lat' dir='ltr'><strong>interpositae.</strong></span> <span class='ocrx_word' id='word_1_122' title='bbox 1685 1503 1723 1567; x_wconf 91' lang='lat' dir='ltr'><strong>In</strong></span> <span class='ocrx_word' id='word_1_123' title='bbox 1746 1503 1829 1568; x_wconf 90' lang='lat' dir='ltr'><strong>hanc</strong></span> <span class='ocrx_word' id='word_1_124' title='bbox 1849 1509 1960 1568; x_wconf 88' lang='lat' dir='ltr'><strong>autern</strong></span> <span class='ocrx_word' id='word_1_125' title='bbox 1979 1503 2165 1590; x_wconf 86' lang='lat' dir='ltr'><strong>opinionem</strong></span> 
     </span>
     <span class='ocr_line' id='line_1_12' title="bbox 509 1603 2164 1692; baseline 0.002 -25"><span class='ocrx_word' id='word_1_126' title='bbox 509 1603 542 1668; x_wconf 93' lang='lat' dir='ltr'><strong>id</strong></span> <span class='ocrx_word' id='word_1_127' title='bbox 565 1605 767 1691; x_wconf 89' lang='lat' dir='ltr'><strong>potissimum</strong></span> <span class='ocrx_word' id='word_1_128' title='bbox 791 1627 843 1670; x_wconf 91' lang='lat' dir='ltr'><strong>me</strong></span> <span class='ocrx_word' id='word_1_129' title='bbox 867 1606 969 1684; x_wconf 87' lang='lat' dir='ltr'><strong>duxit,</strong></span> <span class='ocrx_word' id='word_1_130' title='bbox 994 1606 1080 1691; x_wconf 91' lang='lat' dir='ltr'><strong>quod</strong></span> <span class='ocrx_word' id='word_1_131' title='bbox 1104 1607 1136 1670; x_wconf 91' lang='lat' dir='ltr'><strong>in</strong></span> <span class='ocrx_word' id='word_1_132' title='bbox 1161 1605 1370 1691; x_wconf 84' lang='lat' dir='ltr'><strong>Sangalleusl</strong></span> <span class='ocrx_word' id='word_1_133' title='bbox 1394 1607 1555 1692; x_wconf 89' lang='lat' dir='ltr'><strong>epistulae</strong></span> <span class='ocrx_word' id='word_1_134' title='bbox 1579 1606 1620 1669; x_wconf 92' lang='lat' dir='ltr'><strong>ad</strong></span> <span class='ocrx_word' id='word_1_135' title='bbox 1643 1605 1811 1670; x_wconf 87' lang='lat' dir='ltr'><strong>Ruricium</strong></span> <span class='ocrx_word' id='word_1_136' title='bbox 1840 1606 1936 1671; x_wconf 89' lang='lat' dir='ltr'><strong>datae</strong></span> <span class='ocrx_word' id='word_1_137' title='bbox 1961 1628 1980 1670; x_wconf 88' lang='lat' dir='ltr'><strong>a</strong></span> <span class='ocrx_word' id='word_1_138' title='bbox 2003 1606 2100 1671; x_wconf 91' lang='lat' dir='ltr'><strong>tertia</strong></span> <span class='ocrx_word' id='word_1_139' title='bbox 2123 1605 2164 1670; x_wconf 90' lang='lat' dir='ltr'><strong>ad</strong></span> 
     </span>
     <span class='ocr_line' id='line_1_13' title="bbox 507 1707 2164 1795; baseline 0.001 -23"><span class='ocrx_word' id='word_1_140' title='bbox 507 1707 713 1773; x_wconf 90' lang='lat' dir='ltr'><strong>undecimam</strong></span> <span class='ocrx_word' id='word_1_141' title='bbox 736 1711 880 1774; x_wconf 90' lang='lat' dir='ltr'><strong>numeris</strong></span> <span class='ocrx_word' id='word_1_142' title='bbox 903 1709 1051 1774; x_wconf 82' lang='lat' dir='ltr'>III—XI</span> <span class='ocrx_word' id='word_1_143' title='bbox 1074 1709 1247 1775; x_wconf 88' lang='lat' dir='ltr'><strong>distinctae</strong></span> <span class='ocrx_word' id='word_1_144' title='bbox 1272 1716 1362 1787; x_wconf 87' lang='lat' dir='ltr'><strong>sunt,</strong></span> <span class='ocrx_word' id='word_1_145' title='bbox 1384 1710 1476 1774; x_wconf 90' lang='lat' dir='ltr'><strong>nulla</strong></span> <span class='ocrx_word' id='word_1_146' title='bbox 1499 1711 1624 1774; x_wconf 90' lang='lat' dir='ltr'><strong>ratione</strong></span> <span class='ocrx_word' id='word_1_147' title='bbox 1648 1709 1761 1774; x_wconf 88' lang='lat' dir='ltr'><strong>habita</strong></span> <span class='ocrx_word' id='word_1_148' title='bbox 1780 1710 1975 1795; x_wconf 88' lang='lat' dir='ltr'><strong>scriptamm</strong></span> <span class='ocrx_word' id='word_1_149' title='bbox 1999 1731 2019 1773; x_wconf 94' lang='lat' dir='ltr'><strong>a</strong></span> <span class='ocrx_word' id='word_1_150' title='bbox 2041 1708 2164 1774; x_wconf 81' lang='lat' dir='ltr'><strong>Fausto</strong></span> 
     </span>
     <span class='ocr_line' id='line_1_14' title="bbox 507 1811 2166 1900; baseline 0.002 -26"><span class='ocrx_word' id='word_1_151' title='bbox 507 1811 548 1874; x_wconf 88' lang='lat' dir='ltr'><strong>ad</strong></span> <span class='ocrx_word' id='word_1_152' title='bbox 576 1811 735 1877; x_wconf 87' lang='lat' dir='ltr'><strong>diversos.</strong></span> <span class='ocrx_word' id='word_1_153' title='bbox 781 1813 966 1899; x_wconf 78' lang='lat' dir='ltr'><strong>Epistulam</strong></span> <span class='ocrx_word' id='word_1_154' title='bbox 989 1811 1039 1877; x_wconf 89' lang='lat' dir='ltr'><strong>XI</strong></span> <span class='ocrx_word' id='word_1_155' title='bbox 1062 1813 1204 1878; x_wconf 79' lang='lat' dir='ltr'><strong>Rufrasii</strong></span> <span class='ocrx_word' id='word_1_156' title='bbox 1228 1813 1270 1878; x_wconf 91' lang='lat' dir='ltr'><strong>ad</strong></span> <span class='ocrx_word' id='word_1_157' title='bbox 1292 1814 1461 1879; x_wconf 90' lang='lat' dir='ltr'><strong>Ruricium</strong></span> <span class='ocrx_word' id='word_1_158' title='bbox 1491 1820 1671 1900; x_wconf 89' lang='lat' dir='ltr'><strong>sequuntur</strong></span> <span class='ocrx_word' id='word_1_159' title='bbox 1693 1813 1777 1879; x_wconf 91' lang='lat' dir='ltr'><strong>duae</strong></span> <span class='ocrx_word' id='word_1_160' title='bbox 1809 1835 1891 1900; x_wconf 89' lang='lat' dir='ltr'><strong>quas</strong></span> <span class='ocrx_word' id='word_1_161' title='bbox 1915 1816 2166 1879; x_wconf 80' lang='lat' dir='ltr'><strong>commemoravi</strong></span> 
     </span>
     <span class='ocr_line' id='line_1_15' title="bbox 507 1915 2165 2004; baseline 0.002 -25"><span class='ocrx_word' id='word_1_162' title='bbox 507 1915 621 1980; x_wconf 79' lang='lat' dir='ltr'><strong>Fausti</strong></span> <span class='ocrx_word' id='word_1_163' title='bbox 649 1918 825 2001; x_wconf 84' lang='lat' dir='ltr'><strong>epistulae,</strong></span> <span class='ocrx_word' id='word_1_164' title='bbox 850 1917 1099 2004; x_wconf 86' lang='lat' dir='ltr'><strong>quarumprior</strong></span> <span class='ocrx_word' id='word_1_165' title='bbox 1126 1919 1225 1982; x_wconf 86' lang='lat' dir='ltr'><strong>etiam</strong></span> <span class='ocrx_word' id='word_1_166' title='bbox 1248 1938 1419 1982; x_wconf 90' lang='lat' dir='ltr'><strong>numerum</strong></span> <span class='ocrx_word' id='word_1_167' title='bbox 1447 1918 1511 1983; x_wconf 84' lang='lat' dir='ltr'><strong>lert</strong></span> <span class='ocrx_word' id='word_1_168' title='bbox 1533 1917 1615 1992; x_wconf 89' lang='lat' dir='ltr'>XII;</span> <span class='ocrx_word' id='word_1_169' title='bbox 1644 1925 1757 1982; x_wconf 87' lang='lat' dir='ltr'><strong>carent</strong></span> <span class='ocrx_word' id='word_1_170' title='bbox 1787 1918 1930 1983; x_wconf 88' lang='lat' dir='ltr'><strong>numeris</strong></span> <span class='ocrx_word' id='word_1_171' title='bbox 1960 1924 1994 1982; x_wconf 87' lang='lat' dir='ltr'><strong>et</strong></span> <span class='ocrx_word' id='word_1_172' title='bbox 2022 1938 2165 2002; x_wconf 90' lang='lat' dir='ltr'><strong>sequens</strong></span> 
     </span>
     <span class='ocr_line' id='line_1_16' title="bbox 507 2019 2164 2108; baseline 0.001 -25"><span class='ocrx_word' id='word_1_173' title='bbox 507 2020 621 2085; x_wconf 85' lang='lat' dir='ltr'><strong>Fausti</strong></span> <span class='ocrx_word' id='word_1_174' title='bbox 653 2027 686 2085; x_wconf 90' lang='lat' dir='ltr'><strong>et</strong></span> <span class='ocrx_word' id='word_1_175' title='bbox 716 2042 776 2085; x_wconf 90' lang='lat' dir='ltr'><strong>eae</strong></span> <span class='ocrx_word' id='word_1_176' title='bbox 808 2043 889 2106; x_wconf 90' lang='lat' dir='ltr'><strong>quas</strong></span> <span class='ocrx_word' id='word_1_177' title='bbox 914 2020 1090 2086; x_wconf 82' lang='lat' dir='ltr'><strong>Caesarius</strong></span> <span class='ocrx_word' id='word_1_178' title='bbox 1116 2019 1323 2107; x_wconf 78' lang='lat' dir='ltr'><strong>Sedulusque</strong></span> <span class='ocrx_word' id='word_1_179' title='bbox 1352 2021 1394 2086; x_wconf 91' lang='lat' dir='ltr'><strong>ad</strong></span> <span class='ocrx_word' id='word_1_180' title='bbox 1425 2021 1595 2086; x_wconf 88' lang='lat' dir='ltr'><strong>Ruricium</strong></span> <span class='ocrx_word' id='word_1_181' title='bbox 1625 2020 1795 2087; x_wconf 89' lang='lat' dir='ltr'><strong>dederuut.</strong></span> <span class='ocrx_word' id='word_1_182' title='bbox 1847 2020 1922 2086; x_wconf 91' lang='lat' dir='ltr'><strong>Duc</strong></span> <span class='ocrx_word' id='word_1_183' title='bbox 1951 2022 2164 2108; x_wconf 87' lang='lat' dir='ltr'><strong>epistularum</strong></span> 
     </span>
     <span class='ocr_line' id='line_1_17' title="bbox 507 2125 2165 2212; baseline 0.002 -26"><span class='ocrx_word' id='word_1_184' title='bbox 507 2145 644 2210; x_wconf 90' lang='lat' dir='ltr'><strong>corpora</strong></span> <span class='ocrx_word' id='word_1_185' title='bbox 665 2125 698 2188; x_wconf 91' lang='lat' dir='ltr'><strong>iu</strong></span> <span class='ocrx_word' id='word_1_186' title='bbox 717 2125 748 2189; x_wconf 80' lang='lat' dir='ltr'><em>G</em></span> <span class='ocrx_word' id='word_1_187' title='bbox 764 2127 891 2203; x_wconf 92' lang='lat' dir='ltr'><strong>coiisse,</strong></span> <span class='ocrx_word' id='word_1_188' title='bbox 916 2127 1014 2190; x_wconf 91' lang='lat' dir='ltr'><strong>ctiam</strong></span> <span class='ocrx_word' id='word_1_189' title='bbox 1031 2146 1072 2190; x_wconf 84' lang='lat' dir='ltr'><strong>ex</strong></span> <span class='ocrx_word' id='word_1_190' title='bbox 1088 2125 1233 2190; x_wconf 87' lang='lat' dir='ltr'><strong>numeris</strong></span> <span class='ocrx_word' id='word_1_191' title='bbox 1249 2125 1499 2211; x_wconf 84' lang='lat' dir='ltr'><strong>quaternionum</strong></span> <span class='ocrx_word' id='word_1_192' title='bbox 1516 2125 1733 2210; x_wconf 89' lang='lat' dir='ltr'><strong>intellegitur:</strong></span> <span class='ocrx_word' id='word_1_193' title='bbox 1757 2146 1832 2188; x_wconf 90' lang='lat' dir='ltr'><strong>narn</strong></span> <span class='ocrx_word' id='word_1_194' title='bbox 1849 2127 1971 2212; x_wconf 89' lang='lat' dir='ltr'><strong>primus</strong></span> <span class='ocrx_word' id='word_1_195' title='bbox 1987 2125 2165 2190; x_wconf 85' lang='lat' dir='ltr'><strong>fasciculus</strong></span> 
     </span>
     <span class='ocr_line' id='line_1_18' title="bbox 508 2227 2164 2315; baseline 0.001 -24"><span class='ocrx_word' id='word_1_196' title='bbox 508 2249 537 2314; x_wconf 95' lang='lat' dir='ltr'><strong>p.</strong></span> <span class='ocrx_word' id='word_1_197' title='bbox 560 2231 596 2291; x_wconf 85' lang='grc'><strong>17</strong></span> <span class='ocrx_word' id='word_1_198' title='bbox 619 2231 665 2307; x_wconf 68' lang='lat' dir='ltr'><strong>q‘i.</strong></span> <span class='ocrx_word' id='word_1_199' title='bbox 684 2228 713 2292; x_wconf 90' lang='lat'><strong>1.</strong></span> <span class='ocrx_word' id='word_1_200' title='bbox 738 2229 884 2314; x_wconf 86' lang='lat' dir='ltr'><strong>signatus</strong></span> <span class='ocrx_word' id='word_1_201' title='bbox 902 2235 963 2309; x_wconf 88' lang='lat' dir='ltr'><strong>est,</strong></span> <span class='ocrx_word' id='word_1_202' title='bbox 987 2229 1028 2292; x_wconf 91' lang='lat' dir='ltr'><strong>ab</strong></span> <span class='ocrx_word' id='word_1_203' title='bbox 1052 2249 1089 2293; x_wconf 93' lang='lat' dir='ltr'><strong>eo</strong></span> <span class='ocrx_word' id='word_1_204' title='bbox 1105 2233 1215 2293; x_wconf 90' lang='lat' dir='ltr'><strong>autem</strong></span> <span class='ocrx_word' id='word_1_205' title='bbox 1232 2228 1286 2314; x_wconf 93' lang='lat' dir='ltr'><strong>qui</strong></span> <span class='ocrx_word' id='word_1_206' title='bbox 1302 2229 1440 2313; x_wconf 87' lang='lat' dir='ltr'><strong>paginas</strong></span> <span class='ocrx_word' id='word_1_207' title='bbox 1457 2231 1585 2293; x_wconf 82' lang='lat'>50-65</span> <span class='ocrx_word' id='word_1_208' title='bbox 1603 2229 1829 2315; x_wconf 87' lang='lat' dir='ltr'><strong>complectitur</strong></span> <span class='ocrx_word' id='word_1_209' title='bbox 1850 2229 1966 2293; x_wconf 88' lang='lat' dir='ltr'><strong>itemm</strong></span> <span class='ocrx_word' id='word_1_210' title='bbox 1982 2227 2164 2293; x_wconf 90' lang='lat' dir='ltr'><strong>numeratio</strong></span> 
     </span>
     <span class='ocr_line' id='line_1_19' title="bbox 507 2331 2167 2419; baseline 0.001 -24"><span class='ocrx_word' id='word_1_211' title='bbox 507 2333 622 2417; x_wconf 87' lang='lat' dir='ltr'><strong>incipit</strong></span> <span class='ocrx_word' id='word_1_212' title='bbox 650 2332 691 2396; x_wconf 91' lang='lat' dir='ltr'><strong>ab</strong></span> <span class='ocrx_word' id='word_1_213' title='bbox 715 2331 742 2411; x_wconf 94' lang='lat' dir='ltr'><strong>I,</strong></span> <span class='ocrx_word' id='word_1_214' title='bbox 766 2354 907 2419; x_wconf 86' lang='lat' dir='ltr'><strong>pergens</strong></span> <span class='ocrx_word' id='word_1_215' title='bbox 935 2331 1053 2398; x_wconf 89' lang='lat' dir='ltr'><strong>deiude</strong></span> <span class='ocrx_word' id='word_1_216' title='bbox 1088 2333 1239 2397; x_wconf 90' lang='lat' dir='ltr'><strong>contiuuo</strong></span> <span class='ocrx_word' id='word_1_217' title='bbox 1263 2333 1375 2397; x_wconf 88' lang='lat' dir='ltr'><strong>ordine</strong></span> <span class='ocrx_word' id='word_1_218' title='bbox 1401 2332 1442 2397; x_wconf 92' lang='lat' dir='ltr'><strong>ad</strong></span> <span class='ocrx_word' id='word_1_219' title='bbox 1465 2332 1566 2398; x_wconf 86' lang='lat' dir='ltr'>XVII</span> <span class='ocrx_word' id='word_1_220' title='bbox 1588 2333 1635 2419; x_wconf 88' lang='lat' dir='ltr'><strong>(p.</strong></span> <span class='ocrx_word' id='word_1_221' title='bbox 1661 2333 1749 2419; x_wconf 84' lang='lat'><strong>317).</strong></span> <span class='ocrx_word' id='word_1_222' title='bbox 1801 2333 1894 2408; x_wconf 86' lang='lat' dir='ltr'><strong>Quae</strong></span> <span class='ocrx_word' id='word_1_223' title='bbox 1926 2353 1999 2396; x_wconf 90' lang='lat' dir='ltr'><strong>cum</strong></span> <span class='ocrx_word' id='word_1_224' title='bbox 2027 2333 2074 2397; x_wconf 91' lang='lat' dir='ltr'><strong>ita</strong></span> <span class='ocrx_word' id='word_1_225' title='bbox 2102 2333 2167 2396; x_wconf 90' lang='lat' dir='ltr'><strong>sint</strong></span> 
     </span>
     <span class='ocr_line' id='line_1_20' title="bbox 509 2435 2166 2526; baseline 0.001 -26"><span class='ocrx_word' id='word_1_226' title='bbox 509 2437 650 2522; x_wconf 90' lang='lat' dir='ltr'><strong>primum</strong></span> <span class='ocrx_word' id='word_1_227' title='bbox 672 2437 779 2500; x_wconf 90' lang='lat' dir='ltr'><strong>locum</strong></span> <span class='ocrx_word' id='word_1_228' title='bbox 804 2435 878 2500; x_wconf 90' lang='lat' dir='ltr'><strong>dedi</strong></span> <span class='ocrx_word' id='word_1_229' title='bbox 895 2438 1022 2522; x_wconf 91' lang='lat' dir='ltr'><strong>corpori</strong></span> <span class='ocrx_word' id='word_1_230' title='bbox 1038 2438 1252 2525; x_wconf 87' lang='lat' dir='ltr'><strong>epistularum</strong></span> <span class='ocrx_word' id='word_1_231' title='bbox 1269 2459 1351 2524; x_wconf 90' lang='lat' dir='ltr'><strong>quas</strong></span> <span class='ocrx_word' id='word_1_232' title='bbox 1367 2439 1491 2504; x_wconf 85' lang='lat' dir='ltr'><strong>diversi</strong></span> <span class='ocrx_word' id='word_1_233' title='bbox 1507 2438 1548 2503; x_wconf 91' lang='lat' dir='ltr'><strong>ad</strong></span> <span class='ocrx_word' id='word_1_234' title='bbox 1563 2439 1732 2504; x_wconf 89' lang='lat' dir='ltr'><strong>Ruricium</strong></span> <span class='ocrx_word' id='word_1_235' title='bbox 1750 2439 1961 2526; x_wconf 87' lang='lat' dir='ltr'><strong>scripserunt,</strong></span> <span class='ocrx_word' id='word_1_236' title='bbox 1986 2438 2166 2503; x_wconf 91' lang='lat' dir='ltr'><strong>secundum</strong></span> 
     </span>
     <span class='ocr_line' id='line_1_21' title="bbox 508 2541 2166 2629; baseline 0.002 -25"><span class='ocrx_word' id='word_1_237' title='bbox 508 2541 621 2604; x_wconf 83' lang='lat' dir='ltr'><strong>Fausti</strong></span> <span class='ocrx_word' id='word_1_238' title='bbox 649 2541 799 2626; x_wconf 90' lang='lat' dir='ltr'><strong>epistulis</strong></span> <span class='ocrx_word' id='word_1_239' title='bbox 833 2541 874 2605; x_wconf 90' lang='lat' dir='ltr'><strong>ad</strong></span> <span class='ocrx_word' id='word_1_240' title='bbox 903 2541 1048 2606; x_wconf 83' lang='lat' dir='ltr'><strong>diversos</strong></span> <span class='ocrx_word' id='word_1_241' title='bbox 1077 2542 1173 2609; x_wconf 91' lang='lat' dir='ltr'><strong>datis.</strong></span> <span class='ocrx_word' id='word_1_242' title='bbox 1219 2543 1289 2608; x_wconf 91' lang='lat' dir='ltr'><strong>Has</strong></span> <span class='ocrx_word' id='word_1_243' title='bbox 1322 2549 1433 2608; x_wconf 90' lang='lat' dir='ltr'><strong>autem</strong></span> <span class='ocrx_word' id='word_1_244' title='bbox 1468 2542 1514 2607; x_wconf 89' lang='lat' dir='ltr'><strong>ita</strong></span> <span class='ocrx_word' id='word_1_245' title='bbox 1541 2543 1703 2628; x_wconf 89' lang='lat' dir='ltr'><strong>disposui,</strong></span> <span class='ocrx_word' id='word_1_246' title='bbox 1737 2550 1773 2606; x_wconf 92' lang='lat' dir='ltr'><strong>ut</strong></span> <span class='ocrx_word' id='word_1_247' title='bbox 1808 2564 1892 2629; x_wconf 90' lang='lat' dir='ltr'><strong>quae</strong></span> <span class='ocrx_word' id='word_1_248' title='bbox 1921 2543 1954 2606; x_wconf 92' lang='lat' dir='ltr'><strong>iu</strong></span> <span class='ocrx_word' id='word_1_249' title='bbox 1985 2542 2166 2607; x_wconf 88' lang='lat' dir='ltr'><strong>Parisiensi</strong></span> 
     </span>
     <span class='ocr_line' id='line_1_22' title="bbox 508 2643 1324 2732; baseline 0.006 -24"><span class='ocrx_word' id='word_1_250' title='bbox 508 2665 639 2731; x_wconf 92' lang='lat' dir='ltr'><strong>quoque</strong></span> <span class='ocrx_word' id='word_1_251' title='bbox 664 2643 776 2709; x_wconf 91' lang='lat' dir='ltr'><strong>codice</strong></span> <span class='ocrx_word' id='word_1_252' title='bbox 799 2651 949 2710; x_wconf 85' lang='lat' dir='ltr'><strong>servatae</strong></span> <span class='ocrx_word' id='word_1_253' title='bbox 974 2652 1049 2710; x_wconf 91' lang='lat' dir='ltr'><strong>sunt</strong></span> <span class='ocrx_word' id='word_1_254' title='bbox 1070 2647 1324 2732; x_wconf 88' lang='lat' dir='ltr'><strong>praemittercm.</strong></span> 
     </span>
    </p>

    <p class='ocr_par' dir='ltr' id='par_1_6' title="bbox 508 2747 2166 3043">
     <span class='ocr_line' id='line_1_23' title="bbox 616 2747 2166 2835; baseline 0 -23"><span class='ocrx_word' id='word_1_255' title='bbox 616 2747 769 2834; x_wconf 90' lang='lat' dir='ltr'><strong>Denique</strong></span> <span class='ocrx_word' id='word_1_256' title='bbox 799 2747 972 2814; x_wconf 84' lang='lat' dir='ltr'><strong>Theodoro</strong></span> <span class='ocrx_word' id='word_1_257' title='bbox 1000 2749 1184 2815; x_wconf 88' lang='lat' dir='ltr'><strong>Mommsen</strong></span> <span class='ocrx_word' id='word_1_258' title='bbox 1207 2749 1291 2835; x_wconf 88' lang='lat' dir='ltr'><strong>grati</strong></span> <span class='ocrx_word' id='word_1_259' title='bbox 1315 2751 1413 2816; x_wconf 89' lang='lat' dir='ltr'><strong>animi</strong></span> <span class='ocrx_word' id='word_1_260' title='bbox 1438 2771 1571 2816; x_wconf 87' lang='lat' dir='ltr'><strong>sensum</strong></span> <span class='ocrx_word' id='word_1_261' title='bbox 1596 2755 1751 2815; x_wconf 88' lang='lat' dir='ltr'><strong>testatum</strong></span> <span class='ocrx_word' id='word_1_262' title='bbox 1776 2771 1849 2815; x_wconf 91' lang='lat' dir='ltr'><strong>esse</strong></span> <span class='ocrx_word' id='word_1_263' title='bbox 1873 2751 1962 2829; x_wconf 83' lang='lat' dir='ltr'><strong>volo,</strong></span> <span class='ocrx_word' id='word_1_264' title='bbox 1991 2750 2166 2835; x_wconf 88' lang='lat' dir='ltr'><strong>quiquam</strong></span> 
     </span>
     <span class='ocr_line' id='line_1_24' title="bbox 509 2850 2166 2939; baseline 0 -23"><span class='ocrx_word' id='word_1_265' title='bbox 509 2852 607 2916; x_wconf 88' lang='lat' dir='ltr'><strong>callet</strong></span> <span class='ocrx_word' id='word_1_266' title='bbox 631 2850 827 2916; x_wconf 90' lang='lat' dir='ltr'><strong>emendandi</strong></span> <span class='ocrx_word' id='word_1_267' title='bbox 854 2859 958 2917; x_wconf 91' lang='lat' dir='ltr'><strong>artem</strong></span> <span class='ocrx_word' id='word_1_268' title='bbox 986 2853 1093 2918; x_wconf 84' lang='lat' dir='ltr'><strong>textui</strong></span> <span class='ocrx_word' id='word_1_269' title='bbox 1123 2853 1326 2918; x_wconf 90' lang='lat' dir='ltr'><strong>restituendo</strong></span> <span class='ocrx_word' id='word_1_270' title='bbox 1349 2855 1530 2919; x_wconf 85' lang='lat' dir='ltr'><strong>liberaliter</strong></span> <span class='ocrx_word' id='word_1_271' title='bbox 1552 2853 1709 2918; x_wconf 89' lang='lat' dir='ltr'><strong>adhibuit.</strong></span> <span class='ocrx_word' id='word_1_272' title='bbox 1748 2853 1872 2918; x_wconf 91' lang='lat' dir='ltr'><strong>Ruricii</strong></span> <span class='ocrx_word' id='word_1_273' title='bbox 1889 2855 2049 2939; x_wconf 89' lang='lat' dir='ltr'><strong>epistulas</strong></span> <span class='ocrx_word' id='word_1_274' title='bbox 2067 2853 2166 2918; x_wconf 90' lang='lat' dir='ltr'><strong>etiam</strong></span> 
     </span>
     <span class='ocr_line' id='line_1_25' title="bbox 508 2955 2166 3043; baseline 0.002 -22"><span class='ocrx_word' id='word_1_275' title='bbox 508 2955 717 3042; x_wconf 88' lang='lat' dir='ltr'><strong>Luetjohauu</strong></span> <span class='ocrx_word' id='word_1_276' title='bbox 740 2956 999 3042; x_wconf 89' lang='lat' dir='ltr'><strong>perlustraverat</strong></span> <span class='ocrx_word' id='word_1_277' title='bbox 1028 2977 1178 3043; x_wconf 91' lang='lat' dir='ltr'><strong>quaeque</strong></span> <span class='ocrx_word' id='word_1_278' title='bbox 1211 2957 1273 3022; x_wconf 81' lang='lat' dir='ltr'><strong>sibi</strong></span> <span class='ocrx_word' id='word_1_279' title='bbox 1296 2959 1328 3022; x_wconf 93' lang='lat' dir='ltr'><strong>in</strong></span> <span class='ocrx_word' id='word_1_280' title='bbox 1360 2962 1503 3023; x_wconf 90' lang='lat' dir='ltr'><strong>mentem</strong></span> <span class='ocrx_word' id='word_1_281' title='bbox 1528 2964 1688 3024; x_wconf 81' lang='lat' dir='ltr'><strong>venerant</strong></span> <span class='ocrx_word' id='word_1_282' title='bbox 1716 2958 1919 3023; x_wconf 88' lang='lat' dir='ltr'><strong>coniecturas</strong></span> <span class='ocrx_word' id='word_1_283' title='bbox 1943 2957 2166 3024; x_wconf 82' lang='lat' dir='ltr'><strong>adnotaverat.</strong></span> 
     </span>
    </p>
   </div>
   <div class='ocr_carea' id='block_1_5' title="bbox 614 3093 2010 3262">
    <p class='ocr_par' dir='ltr' id='par_1_7' title="bbox 614 3093 2010 3262">
     <span class='ocr_line' id='line_1_26' title="bbox 614 3093 1139 3182; baseline 0.004 -24"><span class='ocrx_word' id='word_1_284' title='bbox 614 3093 765 3160; x_wconf 84' lang='lat' dir='ltr'><strong>Bauomm</strong></span> <span class='ocrx_word' id='word_1_285' title='bbox 789 3116 904 3160; x_wconf 88' lang='lat' dir='ltr'><strong>meuse</strong></span> <span class='ocrx_word' id='word_1_286' title='bbox 929 3094 1020 3182; x_wconf 84' lang='lat' dir='ltr'><strong>Sept.</strong></span> <span class='ocrx_word' id='word_1_287' title='bbox 1046 3097 1139 3160; x_wconf 83' lang='grc'><strong>1886.</strong></span> 
     </span>
     <span class='ocr_line' id='line_1_27' title="bbox 1696 3187 2010 3262; baseline 0 0"><span class='ocrx_word' id='word_1_288' title='bbox 1696 3187 1824 3262; x_wconf 83' lang='lat' dir='ltr'><strong>Beuuo</strong></span> <span class='ocrx_word' id='word_1_289' title='bbox 1852 3187 2010 3262; x_wconf 86' lang='lat' dir='ltr'><strong>Kuuscu.</strong></span> 
     </span>
    </p>
   </div>
   <div class='ocr_carea' id='block_1_6' title="bbox 615 3369 1115 3440">
    <p class='ocr_par' dir='ltr' id='par_1_8' title="bbox 615 3369 1115 3440">
     <span class='ocr_line' id='line_1_28' title="bbox 615 3369 1115 3440; baseline 0.008 -16"><span class='ocrx_word' id='word_1_290' title='bbox 615 3373 637 3440; x_wconf 86' lang='lat'><strong>¹)</strong></span> <span class='ocrx_word' id='word_1_291' title='bbox 656 3372 688 3424; x_wconf 91' lang='lat' dir='ltr'><strong>ln</strong></span> <span class='ocrx_word' id='word_1_292' title='bbox 707 3369 799 3426; x_wconf 87' lang='lat' dir='ltr'><strong>iudice</strong></span> <span class='ocrx_word' id='word_1_293' title='bbox 816 3371 908 3426; x_wconf 87' lang='lat' dir='ltr'><strong>altera</strong></span> <span class='ocrx_word' id='word_1_294' title='bbox 925 3370 1115 3428; x_wconf 83' lang='lat' dir='ltr'><strong>desideratur..</strong></span> 
     </span>
    </p>
   </div>
   <div class='ocr_carea' id='block_1_7' title="bbox 0 0 2372 6436">
    <p class='ocr_par' dir='ltr' id='par_1_9' title="bbox 0 0 2372 6436">
     <span class='ocr_line' id='line_1_29' title="bbox 0 0 2372 6436; baseline 0 0"><span class='ocrx_word' id='word_1_295' title='bbox 0 0 2372 6436; x_wconf 95' lang='lat' dir='ltr'><strong> </strong></span> 
     </span>
    </p>
   </div>
  </div>
 </body>
</html>
