4634 6458
880 412 1236 490 nassa-vm„

577 583 687 650 Gallia
711 587 797 670 quod
820 586 927 650 Rheni
950 585 1090 652 Martem
1114 587 1204 670 ligat,
1229 587 1292 652 iste
1316 590 1428 674 pavori
1452 595 1512 654 est.

577 688 662 773 quod
686 690 932 774 consanguineo
957 711 1007 754 me
1024 690 1194 755 Vandalus
1218 691 1322 755 hostis
1345 691 1475 757 Halano

507 809 511 840 ²
579 792 718 879 diripuit·
738 793 886 874 radente,
910 794 979 858 suis
1002 794 1055 859 hie
1078 795 1166 859 ultus
1190 796 1231 859 ab
1255 796 1364 861 armis.

576 896 633 962 sed
658 903 768 962 tamen
792 919 874 962 unus
898 897 995 962 homo
1020 904 1155 963 estnec
1179 905 1269 964 tanta
1291 900 1440 985 pericula
1464 902 1552 966 solus

576 1001 703 1079 tollere,
728 1002 787 1068 sed
810 1003 942 1068 differre
965 1009 1091 1088 potest:
1116 1003 1212 1067 modo
1236 1003 1385 1090 principe
1409 1004 1502 1068 nobis

577 1112 628 1170 est
651 1128 733 1192 opus
758 1113 893 1186 ennato,
916 1113 1066 1172 veterum
1091 1108 1145 1192 qui
1169 1128 1259 1172 more
1282 1113 1455 1194 parentum
1493 1113 1495 1117 ’

576 1233 642 1276 nou
664 1211 798 1276 mandet
821 1211 879 1276 sed
902 1211 990 1276 bella
1013 1218 1117 1296 gerat,
1141 1233 1239 1297 quem
1264 1212 1358 1296 signa
1381 1215 1575 1278 moventem*

507 1331 544 1368 „n
578 1321 665 1379 terra
688 1316 741 1380 vel
764 1314 853 1379 unda
877 1321 1029 1389 tremant,
1054 1320 1089 1378 ut
1112 1314 1246 1380 tandem
1269 1316 1339 1380 iure
1363 1322 1497 1402 recepto

575 1419 716 1484 Romula
738 1418 893 1484 desuetas
917 1419 1128 1484 moderentur
1151 1420 1289 1484 classica
1312 1419 1459 1484 classes!

624 1523 738 1587 Audiit
760 1522 817 1587 illa
839 1530 943 1608 pater,
968 1523 1064 1587 simul
1088 1523 1212 1588 annuit.
1249 1524 1315 1587 itur
1337 1524 1370 1587 in
1392 1524 1520 1588 urbem.

576 1625 729 1690 continuo
753 1626 843 1692 videt
866 1627 935 1712 ipse
960 1626 1065 1702 deam,
1090 1628 1284 1692 summissus
1307 1626 1432 1700 adorat,

576 1736 692 1816 pectus
717 1738 751 1795 et
774 1736 923 1796 exertam
946 1731 1127 1815 tetigerunt
1149 1752 1272 1795 cornua
1295 1752 1484 1806 mammam

509 1851 527 1882 -‘
580 1833 751 1898 mandatas
775 1834 839 1899 fert
862 1834 938 1899 inde
962 1855 1088 1919 preces.
1125 1856 1205 1920 quas
1229 1834 1306 1900 diva
1328 1843 1443 1901 secuta

581 1944 718 2024 apparat
741 1939 788 2003 ire
812 1939 909 2003 viam.
951 1940 1081 2004 laxatos
1106 1944 1199 2004 torva
1223 1939 1361 2024 capillos

578 2043 709 2128 stringit
732 2050 766 2107 et
787 2044 935 2108 inclusae
960 2044 1127 2108 latuerunt
1150 2043 1277 2108 casside
1302 2050 1426 2118 turres;

579 2146 680 2211 infula
704 2148 815 2211 laurus
839 2153 921 2213 erat.
967 2147 1066 2211 bullis
1090 2147 1265 2212 hostilibus
1288 2168 1387 2234 asper

576 2251 720 2337 applicat
743 2274 762 2316 a
784 2252 881 2316 laeva
901 2257 1092 2336 surgentem
1117 2251 1247 2316 balteus
1272 2272 1394 2316 ensem.

508 2373 539 2406 22·
579 2358 734 2422 inseritur
757 2358 863 2443 clipeo
886 2357 1005 2420 victrix
1029 2377 1161 2432 manus;
1185 2357 1273 2420 illius
1297 2357 1409 2421 orbern

575 2461 793 2545 Martigenae,
817 2462 904 2546 lupa,
921 2459 1074 2546 Thybris,
1091 2459 1204 2541 Amor,
1228 2459 1327 2538 Mars,
1350 2459 1412 2524 Ilia
1433 2462 1608 2547 complent.

576 2564 679 2628 fibula
700 2565 847 2631 mordaci
871 2565 1003 2648 refugas
1026 2586 1046 2628 a
1070 2570 1205 2650 pectore
1230 2569 1339 2628 vestes

578 2667 677 2734 dente
700 2669 797 2755 capit.
834 2670 933 2733 micat
955 2667 1051 2732 hasta
1073 2667 1196 2748 minax,
1219 2687 1422 2752 quercusque
1440 2666 1606 2753 trophaeis

577 2793 677 2836 curva
698 2771 810 2837 tremit
831 2771 1024 2857 placidoque
1048 2771 1144 2836 deam
1167 2771 1228 2835 sub
1252 2771 1340 2835 fasce
1363 2771 1489 2855 fatigat.

580 2881 739 2962 perpetuo
764 2881 829 2940 stat
851 2877 964 2961 planta
985 2877 1066 2954 sole,
1091 2874 1149 2941 sed
1173 2875 1279 2940 fascia
1302 2875 1425 2960 primos

579 2981 706 3045 sistitur
728 2979 770 3044 ad
792 2980 923 3066 digitos,
945 2981 1126 3046 retinacula
1149 2980 1227 3044 bina
1250 2979 1417 3044 cothurnis

577 3086 674 3149 mittit
697 3086 731 3148 in
755 3085 930 3150 adversum
952 3086 1060 3150 vincto
1084 3085 1125 3150 de
1149 3084 1263 3149 fomite
1288 3084 1410 3169 pollex,

578 3211 662 3274 quae
686 3190 848 3274 stringant
871 3189 1023 3276 crepidas
1048 3195 1082 3255 et
1100 3187 1375 3254 =concurrentibus
1398 3187 1488 3252 ansis

578 3292 760 3356 vinclorum
783 3290 910 3377 pandas
933 3297 1050 3356 texant
1072 3311 1133 3376 per
1156 3310 1251 3355 crura
1274 3294 1418 3353 catenas.

526 3411 545 3446 a
580 3416 670 3480 crgo,
694 3395 779 3459 sicut
802 3401 884 3475 erat,
908 3393 1065 3480 liquidam
1087 3399 1276 3458 transvecta
1298 3413 1359 3477 per
1382 3393 1529 3456 aethram

578 3501 744 3565 nascentis
769 3500 863 3586 petiit
886 3498 1017 3584 tepidos
1040 3497 1243 3584 Hyperionis
1267 3502 1367 3560 ortus.

624 3604 685 3668 Est
707 3605 799 3668 locus
824 3603 958 3682 Oceani,
982 3603 1166 3688 longinquis
1189 3603 1360 3686 proximus
1384 3599 1485 3676 Indis,

577 3731 640 3773 axe
665 3709 725 3773 sub
749 3708 830 3788 Eoo,
854 3707 1063 3772 Nabataeum
1086 3713 1199 3772 tensus
1223 3707 1256 3770 in
1278 3704 1418 3770 Eurum:

576 3834 636 3878 rer
657 3812 702 3876 ibi
726 3814 916 3878 continuum
940 3818 1001 3896 est,
1024 3811 1234 3897 interpellata
1256 3830 1318 3874 nee
1341 3808 1417 3872 ullis

579 3916 754 4000 frigoribus
778 3917 934 4002 pallescit
957 3916 1085 3992 humus,
1110 3914 1168 3979 sad
1191 3915 1271 3978 flore
1295 3911 1432 3999 perenni

579 4021 664 4106 picta
686 4022 878 4106 peregrinos
901 4021 1056 4104 ignorant
1079 4040 1156 4083 arva
1178 4019 1318 4102 rigores;

579 4126 693 4190 halant
715 4147 791 4189 rura
814 4125 907 4202 rosis,
932 4123 1204 4208 indiscriptosque
1228 4141 1287 4208 per
1309 4143 1407 4206 agros

579 4230 705 4315 fragrat
729 4229 822 4306 od0r;
847 4230 976 4309 violam,
1001 4228 1152 4314 cytisum,
1176 4227 1331 4312 serpylla,
1353 4226 1538 4310 ligustrum,

578 4333 655 4412 lilia,
680 4334 855 4410 narcissos,
880 4334 1013 4413 casiam,
1037 4332 1208 4410 colocasia,
1232 4331 1344 4408 saltas,
1371 4327 1372 4330 '

510 4449 548 4489 ⁴¹⁵
581 4443 717 4518 costum,
741 4437 992 4514 malobathrum,
1016 4435 1176 4521 myrrhas,
1201 4433 1520 4520 opobalsama,.tura

570 4541 762 4626 parturiunt
785 4541 907 4626 campi;
930 4561 992 4605 uec
1016 4560 1082 4604 non
1104 4540 1258 4625 pulsante
1283 4543 1419 4602 senecta

579 4644 653 4708 hinc
676 4643 823 4709 rediviva
846 4644 929 4728 petit
951 4644 1078 4708 ricinus
1102 4643 1251 4706 cinnama
1273 4640 1433 4706 Phoenix.

579 4747 631 4812 hio
654 4741 769 4813 domus
793 4747 942 4812 Aurorae
967 4748 1064 4811 rutilo
1088 4751 1255 4810 crustante
1279 4744 1412 4809 metallo

576 4852 733 4916 bacarum
756 4851 900 4938 praefert
923 4853 1014 4916 leves
1037 4843 1170 4936 asprata
1192 4849 1331 4934 lapillos.

507 4969 546 5007 ⁴2⁰
578 4954 734 5042 diripiunt
758 4955 889 5020 diversa
912 4956 1025 5020 oeulos
1049 4961 1084 5020 et
1107 4955 1148 5020 ab
1172 4959 1242 5018 arte
1267 4953 1425 5037 magistra

313 5212 364 5264 378
389 5215 461 5266 rahni
481 5213 506 5264 P
646 5209 697 5262 379
723 5215 925 5280 cunisanguiueo
949 5215 974 5264 P
1084 5215 1228 5266 uuandalus
1253 5212 1324 5264 OFP
1463 5208 1515 5263 300
1540 5213 1634 5279 diripui
1654 5212 1684 5274 1¹,
1710 5214 1825 5281 dirupuit
1842 5213 1872 5265 P
1902 5227 1904 5232 '

210 5298 262 5350 382
287 5297 341 5365 scd]
367 5301 388 5350 sl
406 5299 548 5350 Buecheler
676 5295 727 5348 380
750 5299 875 5352 dissuetus
898 5300 923 5349 Τ
1046 5299 1097 5350 389
1120 5297 1154 5364 et]
1177 5301 1208 5350 ad
1226 5299 1251 5348 P
1381 5295 1430 5348 391
1453 5314 1532 5350 corva
1549 5298 1574 5349 P
1699 5297 1751 5350 396
1774 5307 1866 5352 rrrarta·

90 5428 94 5434 .
211 5403 277 5451 gerra
295 5385 320 5435 P
413 5389 482 5436 lllars
505 5383 559 5449 llia]
584 5385 702 5436 rnamlia
726 5384 750 5433 Τ
876 5383 927 5437 390
944 5389 1012 5453 jort.
1030 5388 1174 5454 placitoque
1272 5385 1362 5451 lirtigat
1386 5385 1412 5434 in
1434 5403 1487 5434 rasa.
1504 5383 1546 5435 Pb
1677 5381 1727 5434 401
1751 5384 1792 5450 adl
1810 5405 1826 5437 a
1844 5387 1870 5437 P

210 5467 262 5520 402
279 5472 366 5522 iuncto
386 5472 435 5523 OF
539 5468 591 5522 403
609 5472 684 5523 anxis
707 5471 732 5519 Τ
836 5470 888 5522 404
907 5474 1023 5524 tathenas
1042 5472 1070 5522 F
1178 5469 1230 5521 405
1243 5470 1373 5535 ‘liquidum
1392 5477 1409 5520 t.
1429 5489 1453 5536 p.
1473 5472 1560 5522 aethra
1583 5471 1607 5520 Τ
1715 5468 1767 5521 407
1786 5471 1867 5538 lougi-

211 5557 269 5622 quis
287 5556 313 5606 P
422 5555 474 5609 408
496 5560 535 5610 coi
560 5558 584 5607 Τ
651 5575 723 5609 erum
742 5558 768 5608 P
878 5556 930 5609 409
953 5576 1017 5610 veru
1036 5558 1074 5608 P¹
1155 5557 1316 5622 interpellata
1333 5556 1359 5606 P
1471 5554 1523 5608 412
1544 5558 1757 5622 indiscriptosque
1775 5559 1869 5624 scripsi

210 5641 280 5706 (item
298 5643 400 5708 Molrr);
423 5645 641 5712 indescriptosque
657 5645 731 5697 codd.
831 5642 1006 5713 '413tlagrct
1028 5643 1095 5697 TCP
1205 5641 1258 5693 414
1280 5643 1418 5694 colocaasia
1436 5643 1510 5694 codd.
1589 5651 1677 5694 mutas
1699 5642 1727 5706 Τ,
1745 5652 1827 5695 cartas
1843 5644 1872 5696 P

211 5727 262 5779 415
280 5730 463 5782 malabratrurn
487 5731 511 5782 T
610 5730 661 5783 416
680 5733 778 5802 pulsate
798 5732 828 5795 P,
851 5734 984 5802 plaasante
1002 5731 1030 5783 F
1134 5729 1186 5780 418
1204 5730 1294 5781 rustilo
1313 5729 1341 5778 P
1441 5727 1492 5782 410
1511 5733 1607 5800 profert
1626 5731 1648 5781 0
1714 5731 1825 5801 aspirata
1842 5731 1871 5787 F
