4642 6488
806 413 972 480 ursnarv,
995 416 1082 482 1451
1105 446 1138 454 -
1159 416 1252 483 issa
1810 423 1849 484 67

198 610 298 655 causa
325 588 489 652 sollicitat.
544 585 704 672 siquidem
734 607 786 650 res
811 592 860 649 est
888 585 1026 670 grandis,
1048 588 1192 674 exempli
1223 608 1262 650 co
1291 597 1440 674 tempore
1463 611 1483 652 a
1505 590 1598 654 vobis
1627 612 1712 655 nova
1741 592 1849 656 ecclc·

198 692 318 756 siarum
341 690 483 756 culmina
507 691 603 764 strui,
633 710 696 774 quo
720 689 776 752 vix
798 690 882 753 alius
906 689 1042 754 auderet
1063 695 1195 766 vetusta
1218 691 1349 755 sarcire.
1395 690 1482 776 quod
1503 699 1608 756 restat
1629 699 1790 779 optamus,
1813 699 1850 758 ut
1883 697 1903 757 2

197 796 258 861 dec
283 801 395 860 nostro
418 815 479 880 per
501 794 622 858 uberes
645 813 767 871 annos,
799 792 884 855 siout
907 798 983 857 vota
1013 792 1166 872 redditis,
1199 794 1245 856 ita
1273 792 1439 858 reddenda
1460 797 1622 877 voveatis,
1654 796 1751 882 idque
1783 818 1848 862 non

198 901 304 965 solum
327 899 486 984 religione
509 898 625 975 celata,
650 894 708 960 sed
731 903 766 960 et
785 896 997 961 conversione
1021 896 1209 966 manifesta:
1233 898 1447 982 mitigatoque
1464 905 1647 985 temporum
1671 906 1759 965 statu
1783 907 1851 965 tam

157 1018 168 1052 ⁵
197 1001 362 1067 desiderio
394 1021 466 1066 meo
496 998 646 1064 Christus
677 998 848 1084 indulgeat
875 1020 972 1084 quam
1002 999 1222 1080 Rutenorum,
1255 1009 1291 1065 ut
1319 1001 1452 1088 possitis
1484 1009 1518 1068 et
1545 1025 1605 1090 pro
1634 1003 1699 1067 illis
1733 1003 1852 1069 offerre

199 1106 375 1185 sacrificia,
407 1105 461 1190 qui
492 1104 556 1168 iarn
588 1125 646 1189 pro
683 1103 776 1168 vobis
808 1103 936 1168 offertis
967 1104 1092 1167 altaria.
1147 1103 1188 1168 de
1221 1109 1331 1169 cetero
1362 1103 1558 1191 quamquam
1589 1103 1646 1192 [et]
1680 1105 1848 1172 extremus
1881 1109 1900 1170 3

197 1215 371 1274 autumnus
393 1210 459 1273 iarn
481 1207 568 1272 diem
591 1206 721 1272 breviat
741 1213 775 1272 et
797 1207 959 1284 viatqrum
989 1207 1147 1272 sollicitas
1178 1229 1274 1272 aures
1303 1209 1390 1273 loliis
1414 1216 1482 1274 toto
1507 1231 1641 1274 nemore
1664 1210 1852 1275 labentibus

198 1313 331 1399 crepulo
353 1311 483 1398 fragore
508 1310 748 1397 circumstrepit
771 1310 868 1394 inque
892 1310 1075 1392 castellum,
1099 1310 1141 1374 ad
1163 1309 1250 1395 quod
1270 1311 1399 1390 invitas,
1422 1319 1538 1398 utpote
1563 1294 1692 1401 Alpinis
1717 1313 1852 1402 rupibus

198 1416 349 1494 cinctum,
373 1415 434 1479 sub
451 1415 617 1479 vicinitate
634 1413 773 1478 brumali
791 1412 956 1476 difficilius
980 1412 1176 1494 ascenditur,
1200 1435 1260 1478 nos
1284 1421 1393 1480 tamen
1410 1415 1472 1482 dec
1489 1417 1622 1502 praevio
1644 1439 1705 1503 per
1719 1425 1849 1482 tuorum

139 1535 171 1580 ro
198 1519 356 1583 montium
380 1520 484 1584 latera
508 1517 702 1604 confragosa
718 1517 891 1581 venientes
914 1538 975 1580 nec
999 1517 1164 1581 subiectas
1188 1526 1300 1582 cautes
1324 1540 1386 1582 nec
1410 1521 1612 1605 superiectas
1633 1521 1725 1586 nives
1749 1542 1851 1609 expa-

199 1643 380 1698 vescemus,
403 1623 553 1707 quamvis
574 1622 721 1708 iugorum
747 1619 909 1707 profunda
931 1618 1103 1684 declivitas
1119 1643 1240 1706 aggere
1258 1623 1428 1688 cocleatim
1448 1624 1551 1688 fracto
1569 1646 1669 1710 saepe
1685 1625 1852 1691 redeunda

199 1727 255 1807 sit,
279 1727 369 1812 quia,
393 1726 455 1790 etsi
476 1727 568 1789 nulla
591 1725 813 1804 sollemnitas,
837 1731 872 1789 tu
896 1724 977 1788 satis
1002 1724 1120 1808 dignus
1145 1747 1199 1806 os,
1223 1731 1259 1790 ut
1283 1732 1333 1789 est
1356 1725 1542 1791 Tullianum
1566 1727 1661 1808 illud,
1691 1735 1853 1815 propter

198 1851 310 1915 quem
333 1827 543 1915 Thespiae
567 1829 763 1893 visantur.
810 1828 891 1894 vale.

978 2225 1070 2290 XVI.

632 2375 846 2443 SIDONIUS
869 2377 1057 2444 RURIOIO
1082 2379 1168 2445 SUO
1193 2380 1416 2448 SALUTEM.

146 2532 170 2570 ¹⁵
307 2499 441 2591 Accam
469 2547 528 2612 per
556 2525 768 2590 Paterninum
803 2526 956 2611 paginam
993 2531 1149 2604 vestram,
1183 2547 1267 2611 quac
1295 2527 1369 2613 plus
1398 2528 1505 2592 mellis
1540 2549 1582 2593 an
1615 2529 1694 2594 salis
1730 2529 1851 2595 habeat
1886 2535 1899 2593 l

199 2631 359 2695 incertum
383 2637 443 2696 est.
490 2635 635 2695 ceterum
660 2630 780 2713 eloquii
804 2631 932 2714 copiam
955 2629 1039 2695 hanc
1063 2630 1218 2715 praefert,
1242 2629 1302 2694 hos
1326 2631 1393 2694 olet
1410 2631 1525 2710 flores,
1541 2638 1576 2695 ut
1591 2631 1676 2697 bene
1693 2640 1852 2720 appareat

197 2756 262 2801 non
285 2757 344 2800 vos
367 2735 542 2800 manifesta
565 2734 662 2798 modo
685 2753 799 2797 verum
827 2733 945 2797 furtiva
968 2754 1097 2819 quoque
1127 2734 1269 2798 lectione
1300 2733 1471 2819 proficere.
1518 2755 1713 2820 quamquam
1737 2743 1770 2801 et
1792 2735 1852 2800 hoc

197 2837 318 2903 furtum
342 2839 429 2924 quod
452 2838 642 2925 deprecaris
665 2837 845 2922 exemplati
868 2837 973 2901 libelli
996 2859 1061 2901 non
1085 2838 1181 2902 venia
1203 2843 1269 2902 tarn
1291 2837 1412 2902 debeat
1435 2839 1600 2923 respicere
1617 2860 1714 2923 quarn
1738 2839 1852 2924 gloria.

198 2942 274 3028 quid
298 2949 334 3006 tu
358 2943 445 3006 enim
469 2942 570 3007 facias
594 2942 718 3026 absque
741 2941 878 3021 virtute,
908 2941 962 3027 qui
992 2963 1053 3006 nec
1082 2942 1154 3027 ipsa
1177 2949 1313 3027 peccata
1337 2941 1407 3006 sine
1431 2941 1528 3006 laude
1553 2941 1753 3005 committis?
1789 2963 1851 3028 ego
1884 2946 1904 3006 2

145 3061 171 3098 ‘²⁰
198 3067 275 3111 vero
299 3045 454 3132 quicquid
478 3046 667 3132 impositum
692 3050 742 3108 est
765 3042 888 3107 fraudis
913 3045 1005 3124 mihi,
1035 3051 1149 3130 utpote
1180 3044 1327 3123 absenti,
1360 3045 1466 3110 libens
1495 3045 1591 3109 audio
1615 3044 1851 3132 principalique

196 3172 253 3236 pro
282 3171 417 3215 munere
449 3151 638 3236 amplector,
669 3146 756 3231 quod
788 3147 1028 3233 quodammodo
1052 3147 1207 3212 damnum
1240 3149 1395 3213 indemne
1427 3147 1574 3212 toleravi.
1628 3169 1734 3232 neque
1764 3150 1851 3213 enim

195 3252 280 3338 quod
303 3260 359 3317 tuo
385 3251 526 3318 accessit
548 3251 642 3328 usui,
674 3251 820 3316 decessit
852 3251 914 3314 hoc
945 3257 1075 3314 nostrae
1104 3251 1297 3337 proprietati
1320 3258 1376 3316 aut
1399 3252 1440 3317 ad
1463 3255 1665 3320 incrementa
1694 3254 1851 3319 scientiae

198 3363 328 3420 vestrae
353 3377 413 3442 per
435 3355 631 3420 detrimenta
649 3355 787 3419 venistis
811 3355 952 3420 alienae.
996 3355 1074 3439 quin
1098 3356 1206 3440 potius
1232 3354 1286 3440 (is)
1313 3357 1383 3441 ipsa
1408 3358 1477 3422 iure
1500 3358 1618 3423 abhinc
1642 3358 1733 3423 uberi
1756 3377 1852 3443 prae·

196 3459 289 3524 conio
312 3481 377 3523 non
402 3458 541 3536 carebit,
576 3458 631 3544 qui
660 3459 764 3542 magis
794 3459 890 3542 igneo
919 3459 1051 3542 ingenio
1080 3465 1227 3523 naturam
1257 3458 1413 3523 decenter
1436 3461 1520 3545 ignis
1545 3461 1690 3525 imitatus
1714 3467 1780 3542 est,
1812 3459 1852 3523 de

143 3578 168 3615 ἰδ
198 3584 261 3647 quo
286 3562 414 3648 siquid
439 3561 571 3628 demere
596 3563 695 3643 velis,
719 3571 869 3627 remanet
892 3570 979 3627 totus
996 3561 1157 3647 'totusque
1180 3563 1385 3626 transfertur.
1430 3564 1517 3628 unde
1541 3565 1605 3628 iam
1629 3586 1726 3651 parce
1750 3564 1852 3650 trepi-

196 3665 274 3730 dare
297 3665 404 3750 deque
428 3665 574 3732 moribus
603 3667 701 3731 amici
731 3669 916 3752 plusculum
940 3673 1028 3731 recto
1052 3689 1147 3731 secus
1171 3666 1317 3732 credere.
1370 3688 1510 3752 namque
1542 3670 1574 3732 in
1598 3669 1659 3733 hoc
1683 3667 1770 3733 facto
1794 3689 1854 3731 nos

197 3772 300 3854 magis
324 3770 442 3835 vulnus
466 3772 584 3857 polluit
608 3772 735 3857 culpae,
760 3772 787 3835 si
810 3772 907 3836 feriat
929 3771 1014 3835 ictus
1038 3770 1191 3836 invidiae.
1237 3771 1320 3835 vale.

302 4096 449 4153 meinero
468 4097 498 4152 in
517 4097 631 4152 Verrem
649 4096 685 4160 Il,
697 4096 723 4159 4,
735 4097 760 4165 2,
772 4095 803 4149 4:
822 4096 1037 4165 propterquam
1057 4095 1197 4165 Thespiae
1215 4094 1352 4150 visuntur.

304 4237 448 4306 lexsmpli
466 4255 486 4290 a.
505 4240 522 4288 l.
540 4238 603 4290 add.
618 4238 660 4289 F*
764 4235 903 4289 ‚laudaret
921 4239 987 4290 nlius
1002 4238 1026 4287 Τ
1119 4237 1181 4289 lar
1196 4256 1215 4289 a.
1235 4240 1252 4289 l.
1271 4238 1333 4288 odd.
1351 4237 1389 4287 Τι
1485 4209 1579 4288 ofin
1596 4253 1663 4288 rora
1682 4251 1714 4285 aa
1731 4205 1794 4286 56³0
1807 4233 1840 4283 M
1846 4233 1854 4264 ¹

196 4365 360 4411 rutaenorum
373 4359 397 4410 L
518 4357 535 4409 6
552 4315 593 4410 dd
607 4359 641 4410 0¹
717 4373 864 4425 quanquam
878 4356 962 4406 ΕΜΓ
1037 4363 1063 4407 ct
1080 4355 1172 4407 reclusi
1294 4353 1309 4406 'l
1327 4363 1485 4423 autumpnus
1501 4353 1530 4404 F
1647 4352 1665 4404 8
1682 4353 1816 4420 cropulcso
1830 4351 1858 4402 F

196 4479 265 4545 quod
283 4479 377 4532 invitos
394 4486 484 4547 utpote
496 4487 603 4546 praeter
620 4498 637 4545 q
655 4479 682 4529 in
700 4495 754 4530 raa.
773 4478 810 4529 P¹
944 4475 960 4526 9
977 4476 1124 4527 ascenditur
1144 4475 1177 4524 M
1179 4475 1273 4526 TOFP
1290 4491 1293 4496 ·
1404 4472 1438 4526 10
1455 4475 1583 4526 moncium
1602 4474 1625 4524 0
1757 4471 1789 4522 12
1805 4473 1854 4524 sol·

195 4601 331 4668 lempnilas
343 4598 425 4666 ΜΟΕ
535 4597 567 4650 13
585 4616 661 4665 quern
679 4616 699 4651 a.
717 4600 736 4650 l.
754 4599 816 4650 odd.
831 4597 869 4648 P¹
983 4594 1015 4646 14
1033 4596 1222 4662 inscriptiones
1247 4613 1299 4646 reno
1316 4612 1391 4646 aem
1408 4612 1462 4670 noc.
1480 4593 1566 4646 caah
1639 4594 1780 4644 Rvarrlo
1797 4591 1857 4643 ΜΓ

198 4719 230 4770 lo
248 4722 390 4788 paternium
410 4719 433 4771 0
569 4718 602 4770 16
620 4721 686 4788 eopii
705 4723 803 4788 copiam
825 4718 865 4767 T*
1005 4715 1034 4766 li
1053 4725 1110 4783 port
1131 4734 1220 4768 verum
1245 4717 1291 4782 leq.
1314 4715 1390 4767 etiarn
1410 4716 1438 4766 in
1457 4715 1482 4764 T
1575 4730 1677 4781 quoquo
1696 4714 1791 4764 furtiva
1804 4712 1857 4764 Μ’*

197 4841 346 4893 leccioneO
411 4857 557 4908 quanquam
571 4840 629 4892 LM
696 4845 758 4894 &a
777 4842 793 4893 l.
813 4840 875 4891 add.
888 4838 937 4889 Μι
1055 4836 1087 4890 18
1105 4837 1301 4906 depmeccrisL
1412 4835 1447 4887 20
1465 4835 1580 4887 michiO
1688 4832 1722 4885 21
1741 4835 1809 4900 quod
1824 4833 1855 4899 L,

194 4962 239 5026 qui
252 4959 381 5040 err
436 4962 568 5020 dainmodo
581 4961 619 5011 1²¹
650 4918 817 5027 qudssmpnum
836 4960 971 5027 indempno
988 4958 1070 5009 MOF
1169 4957 1203 5008 22
1221 4959 1272 5009 aud
1287 4957 1314 5022 0,
1332 4957 1363 5008 ad
1381 4957 1409 5020 Τ,
1425 4962 1501 5008 autc.
1515 4956 1532 5007 l.
1545 4954 1607 5006 aad.
1624 4954 1662 5004 2ἰ
1718 4955 1750 5006 ad
1764 4956 1852 5020 cm.0‚

194 5097 215 5130 a.
228 5081 245 5131 l.
258 5081 365 5132 addrl!
371 5082 378 5113 ¹
394 5075 411 5098 '⁴
465 5078 500 5131 23
517 5079 686 5147 pvonistisT
735 5080 756 5130 is
775 5079 876 5142 odrds'da',
893 5077 1109 5130 macur'cFP
1158 5079 1232 5129 uberi
1246 5077 1383 5142 LMTFP,
1403 5076 1512 5128 vorhiO
1595 5073 1630 5126 24
1647 5077 1855 5143 cerebitas-ipsi,

194 5202 291 5254 carebis
304 5200 457 5253 LMTOFP
507 5209 547 5252 cst
563 5201 661 5267 aco-ipsi,
680 5217 707 5252 ca
720 5199 877 5254 LMTOFP
927 5201 954 5250 in
973 5217 1013 5250 rna
1031 5207 1090 5250 ante
1109 5200 1224 5250 imitatus
1241 5199 1362 5262 inserere,
1378 5198 1479 5262 reliquo
1497 5205 1525 5246 ut
1542 5196 1617 5247 codd.
1635 5197 1743 5247 amidae
1757 5198 1856 5248 mamili

195 5315 246 5372 [κο
333 5319 369 5372 25
386 5329 455 5373 totns
472 5328 567 5387 totusq;
580 5320 611 5386 L,
630 5329 699 5373 totns
717 5322 762 5388 qui
781 5319 840 5384 (om.
860 5321 905 5371 alr.
925 5318 1005 5383 totns)
1024 5319 1057 5368 M
1060 5318 1154 5370 TOFP
1255 5319 1289 5369 26
1307 5319 1453 5386 nanqueM
1549 5316 1582 5370 27
1601 5319 1698 5386 vulgus
1711 5317 1736 5368 L
1788 5320 1854 5370 ictus

194 5461 214 5494 a.
233 5443 250 5493 I.
269 5442 331 5494 odd.
349 5442 385 5492 T*
456 5444 513 5495 vale
532 5460 579 5494 ont.
593 5442 623 5494 F
