4612 6428
939 391 1070 450 FAUS'l'l
1089 387 1331 458 ALIORUMQUE
1348 383 1560 445 EPISTULAE.

342 613 375 685 θ
1214 599 1290 666 XX.

1041 739 1264 805 EPISTULA
1292 735 1468 803 FAUSTI.

380 866 394 924 ¹
533 839 684 950 Qunnms
706 893 726 936 a
748 892 814 952 me,
838 872 1102 937 reverentissime
1126 868 1346 946 sacerdotum,
1376 865 1539 953 quomodo
1562 863 1712 928 Arrianis
1735 863 1997 952 respondendum
2021 867 2073 946 sit,

428 974 483 1058 qui
506 975 697 1062 blasphemo
721 997 776 1040 ore
800 983 956 1040 conantur
979 996 1143 1040 asserere:
1175 994 1250 1038 non
1271 977 1417 1057 potest,
1441 969 1557 1054 inquit,
1582 968 1684 1049 fieri,
1709 969 1784 1032 nisi
1806 975 1850 1034 ut
1872 970 2006 1034 iunior
2026 972 2076 1035 sit

426 1079 584 1162 genitus
607 1080 653 1143 ab
677 1079 866 1164 ingenito.
901 1082 994 1144 iuxta
1016 1100 1099 1165 quae
1123 1086 1226 1142 totum
1249 1076 1414 1140 silentium
1431 1073 1523 1159 quasi
1539 1073 1648 1136 iussus
1664 1072 1836 1138 absolvere
1853 1094 1916 1138 non
1933 1083 1999 1138 tam
2016 1095 2074 1160 pro
2117 1088 2128 1123 ⁵

427 1183 475 1244 rei
498 1181 709 1248 instructione
725 1203 821 1268 quam
838 1205 896 1270 pro
912 1183 988 1248 fidei
1005 1183 1210 1247 confessione
1226 1198 1441 1267 praesumam,
1465 1175 1498 1240 id
1515 1175 1664 1261 primitus
1680 1175 1869 1254 observans,
1892 1197 1933 1241 ne
1948 1198 2001 1240 res
2017 1199 2078 1263 per

428 1305 463 1347 se
486 1284 642 1351 obscuras
666 1285 772 1350 studio
795 1288 965 1373 compositi
990 1287 1148 1352 sermonis
1171 1285 1344 1360 involvam,
1368 1280 1426 1344 sed
1449 1278 1610 1365 quaedam
1633 1280 1787 1364 pauperis
1812 1302 1927 1344 sensus
1943 1281 2071 1359 indicia,

377 1390 396 1450 2
428 1408 511 1473 quae
534 1410 599 1454 non
622 1397 688 1454 tam
712 1392 839 1455 ornatui
863 1413 959 1476 quam
983 1390 1165 1455 intellectui
1188 1387 1360 1452 videantur
1382 1385 1517 1462 servire,
1541 1381 1741 1468 depromam.
1780 1385 1963 1470 respondeo
1984 1406 2072 1471 crgo,

429 1491 513 1556 sicut
546 1494 743 1580 respondere
777 1493 928 1580 discipuli
963 1495 1129 1580 magistris
1164 1491 1442 1578 interrogantibus
1478 1489 1593 1554 solent.
1643 1489 1753 1576 itaque
1787 1490 1829 1555 ad
1863 1500 2074 1579 pracceptum

428 1593 637 1661 beatitudinis
660 1603 790 1663 vestrae
814 1599 937 1684 loquor,
969 1607 1006 1662 ut
1028 1598 1199 1672 discutiar;
1230 1596 1426 1682 imperitiam
1456 1600 1630 1671 contestor,
1659 1601 1695 1657 ut
1723 1594 1855 1659 docear:
1890 1617 1963 1660 narn
1987 1595 2075 1682 apud
2104 1611 2129 1650 ¹⁰

377 1697 396 1758 3
427 1697 678 1764 eruditissimum
703 1701 730 1764 si
753 1701 917 1778 reticeam,
940 1703 997 1766 vix
1020 1723 1153 1789 possum
1177 1702 1260 1766 scire
1283 1699 1361 1786 quid
1384 1699 1538 1764 nesciam.
1583 1698 1624 1762 dc
1647 1698 1793 1783 ingenito
1817 1699 1966 1781 locuturi,
1989 1702 2072 1764 scire

428 1801 600 1884 debemus,
624 1804 809 1871 aliudesse
833 1827 941 1871 rerum
965 1807 1180 1886 substantias,
1211 1805 1299 1870 aliud
1322 1825 1430 1870 rerum
1454 1803 1599 1878 nomina,
1632 1802 1716 1866 sicut
1739 1802 1827 1866 verbi
1850 1805 1969 1889 gratia,
2000 1825 2074 1868 cum

428 1925 541 1971 aurum
564 1914 662 1994 atque
685 1916 855 1994 argentum
878 1909 1011 1991 dixeris,
1035 1932 1099 1976 non
1123 1910 1233 1975 statim
1257 1908 1424 1974 metallum
1448 1909 1564 1995 ipsum,
1588 1905 1647 1970 sod
1670 1907 1795 1971 metalli
1818 1907 1976 1972 vocabula
1998 1931 2072 1994 pro-

427 2011 545 2074 tulisti:
576 2014 697 2078 etenim
721 2035 834 2079 aurum
858 2014 945 2079 aliud
970 2023 1021 2080 est
1043 2016 1075 2079 in
1099 2015 1299 2102 proprietate
1324 2013 1465 2098 generis,
1489 2010 1576 2077 aliud
1600 2011 1632 2074 in
1656 2009 1873 2095 appellatione
1897 2013 2072 2088 sermonis;

375 2118 395 2176 4
427 2113 513 2178 aliud
538 2122 598 2192 est,
623 2137 695 2181 cum
719 2117 800 2182 illud
823 2120 1037 2198 nominamus,
1062 2118 1160 2199 aliud,
1185 2140 1259 2183 cum
1282 2123 1441 2181 tenemus.
1484 2115 1614 2201 genitus
1639 2120 1673 2178 et
1694 2113 1859 2198 ingenitus
1882 2115 2073 2200 significatio
2102 2131 2126 2168 ¹⁵

426 2225 477 2283 est
499 2218 647 2300 deitatis,
675 2243 740 2286 non
763 2224 836 2308 ipsa
863 2222 983 2298 deitas;
1014 2231 1150 2288 naturae
1175 2230 1225 2287 est
1247 2221 1441 2308 appellatio,
1471 2239 1535 2284 non
1563 2225 1689 2282 natura.
1740 2218 1877 2302 ingeniti
1908 2227 1942 2283 et
1970 2221 2073 2304 geniti

428 2325 624 2410 nuncupatio
653 2323 696 2388 ad
730 2325 790 2390 hoe
820 2327 921 2406 valet,
959 2332 995 2390 ut
1034 2329 1105 2412 quis
1136 2349 1179 2392 ex
1213 2347 1274 2411 quo
1310 2325 1467 2390 subsistat
1497 2323 1668 2407 intellegas
1698 2326 1731 2386 et
1766 2343 1831 2386 non
1864 2329 1991 2408 patrem
2031 2346 2073 2388 ex

429 2425 496 2490 filio
519 2427 577 2492 sed
600 2429 701 2495 filium
725 2451 768 2500 ex
791 2439 883 2516 patre
908 2452 980 2496 esse
1004 2451 1196 2516 cognoscas.
1234 2431 1426 2516 principium
1451 2449 1494 2493 ex
1517 2427 1677 2514 principio
1701 2432 1734 2489 et
1750 2446 1849 2489 unum
1866 2433 1916 2490 est
1932 2434 1964 2491 et
1980 2428 2072 2492 initio

377 2531 396 2590 5
429 2538 532 2612 caret,
562 2532 723 2617 quomodo
750 2535 777 2598 si
805 2534 910 2599 dicas:
941 2535 1022 2600 deus
1052 2557 1093 2599 ex
1116 2534 1195 2612 deo,
1225 2556 1289 2599 non
1313 2541 1422 2602 tamen
1446 2533 1510 2597 dno
1534 2533 1595 2610 dii,
1619 2530 1782 2596 sedunus
1805 2530 1898 2595 deus.
1942 2533 2073 2617 genitus

426 2654 504 2719 ergo
528 2641 561 2699 et
584 2636 748 2721 ingenitus
772 2643 805 2702 ct
834 2660 877 2704 ex
904 2645 1042 2724 utroque
1072 2640 1251 2725 procedens
1282 2657 1439 2723 personas
1470 2636 1608 2714 indicat,
1638 2654 1701 2699 non
1730 2640 1874 2700 naturas.
1918 2638 2072 2702 maiestas
2101 2650 2128 2689 2⁰

425 2739 522 2818 enim,
546 2761 630 2825 quac
653 2742 737 2827 patri
760 2749 812 2806 est
834 2742 1012 2807 indiscreta
1034 2764 1107 2806 cnm
1129 2743 1196 2807 filio
1220 2749 1253 2808 ct
1276 2742 1391 2828 spiritu
1414 2747 1537 2816 sancto,
1566 2739 1720 2824 distingui
1744 2739 1929 2804 nominibus
1950 2747 2071 2825 potest,

426 2841 569 2908 ordinari
592 2845 748 2930 gradibus
771 2868 836 2912 non
861 2853 981 2934 potest.
1019 2847 1078 2911 hoc
1102 2846 1175 2911 loco
1191 2847 1360 2932 praescius
1377 2853 1505 2931 oportet
1521 2844 1734 2907 intentionem
1751 2844 1869 2907 mentis
1886 2843 2073 2910 admoveas.

374 2947 393 3007 6
426 2945 507 3011 dicis
531 2947 679 3013 forsitan:
711 2951 787 3036 quia
810 2972 853 3016 ex
876 2952 931 3015 illo
955 2957 1021 3030 est,
1053 2952 1214 3036 posterior
1236 2951 1291 3016 illo
1315 2957 1376 3016 est.
1423 2971 1484 3034 age
1516 2947 1556 3012 ad
1585 2947 1666 3012 haec
1693 2946 1894 3012 intellectum
1925 2954 2073 3011 nostrum

427 3050 589 3135 aliquibus
613 3055 912 3139 comparationibus
936 3055 1128 3120 nutriamus.
1172 3054 1359 3134 videamus,
1390 3054 1418 3118 si
1440 3053 1548 3139 aliqua
1578 3072 1631 3115 res
1661 3072 1703 3115 ex
1731 3051 1795 3114 alia
1823 3051 1960 3130 existat,
1991 3072 2073 3135 quae
2112 3113 2113 3118 ,

426 3161 535 3220 tamen
559 3156 607 3220 illi
631 3177 673 3220 ex
696 3177 759 3242 qua
782 3158 895 3223 existit
916 3179 980 3223 non
1005 3159 1048 3224 sit
1071 3166 1180 3224 aetate
1204 3160 1374 3246 posterior.
1416 3155 1506 3223 verbi
1530 3156 1635 3241 gratia
1657 3155 1718 3219 hoc
1742 3155 1848 3241 ipsum
1872 3155 1930 3219 filii
1953 3176 2072 3220 nomen
2100 3170 2126 3210 ²⁵

427 3279 469 3323 ex
503 3260 604 3344 patris
639 3260 781 3327 derivari
816 3261 945 3327 nomine
983 3262 1125 3327 creditur
1160 3285 1221 3328 nec
1254 3269 1363 3327 tamen
1398 3261 1561 3347 posterius
1595 3260 1769 3334 invenitur,
1805 3259 1881 3344 quia
1916 3259 1976 3328 nisi
2010 3260 2073 3348 iste

375 3363 393 3423 7
425 3371 627 3443 nasceretur,
656 3371 751 3452 pater
777 3364 832 3430 ille
862 3387 927 3431 non
959 3366 1131 3433 diceretur.
1177 3389 1255 3433 ecce
1283 3389 1415 3445 nomen,
1446 3365 1532 3452 quod
1556 3365 1706 3430 absolute
1730 3384 1887 3428 coaevum
1910 3363 1957 3428 illi
1980 3369 2073 3430 esta

425 3486 489 3551 quo
514 3475 574 3549 est,
599 3476 642 3548 et,
666 3491 739 3534 cum
762 3469 849 3535 filins
875 3492 916 3536 ex
933 3478 1026 3558 patre
1047 3472 1099 3547 sit,
1122 3472 1207 3558 patri
1223 3492 1341 3536 nomen
1358 3470 1443 3534 filius
1459 3470 1547 3544 facit,
1561 3468 1711 3553 adquirit
1726 3468 1866 3552 genitori
1884 3467 2074 3560 vocabulum

425 3570 559 3654 pietatis
582 3594 725 3659 persona
747 3574 922 3641 nascentis.
964 3596 1037 3640 cum
1061 3576 1122 3640 hoo
1145 3597 1189 3641 ex
1210 3575 1265 3639 illo
1289 3575 1340 3654 sit,
1369 3596 1428 3639 nec
1452 3573 1512 3637 hoc
1534 3573 1698 3659 posterius
1723 3591 1783 3635 nec
1806 3570 1897 3635 aliud
1919 3571 2075 3657 probatur

425 3676 605 3760 antiquius,
644 3684 678 3742 et
711 3699 784 3742 cum
824 3678 950 3743 brachii
988 3681 1118 3744 nomine
1152 3680 1237 3744 filius
1277 3701 1319 3744 ex
1358 3699 1494 3766 opernm
1527 3676 1702 3741 virtutibus
1737 3681 1956 3763 nuncupetur,
1997 3696 2073 3740 ecce
2103 3687 2129 3726 ³⁰

374 3778 393 3840 8
425 3776 594 3844 brachium
617 3780 764 3867 procedit
786 3802 828 3846 ex
852 3804 987 3870 corpore
1012 3791 1046 3850 et
1069 3790 1178 3848 tomen
1202 3783 1326 3848 brachii
1350 3790 1441 3848 oetas
1466 3782 1609 3868 corporis
1633 3802 1696 3846 non
1720 3780 1896 3866 praecedit.
1938 3781 2075 3874 verbum

425 3902 467 3946 ex
491 3903 571 3948 voce
594 3884 757 3970 profertur
780 3893 813 3950 et
837 3893 964 3968 tamen,
988 3910 1061 3952 cum
1084 3911 1126 3953 ex
1151 3909 1207 3954 orc
1231 3894 1395 3967 nascatur,
1425 3907 1506 3950 voce
1531 3906 1605 3950 esse
1628 3885 1792 3970 posterius
1814 3905 1877 3948 non
1907 3883 2072 3969 probatur.

426 3985 510 4070 ignis
534 3993 567 4051 et
589 3987 679 4052 calor
701 3990 840 4054 indivisa
864 3992 1021 4066 societas,
1053 3991 1109 4056 sed
1142 4012 1214 4057 cum
1239 3991 1328 4056 calor
1350 3990 1572 4054 indubitanter
1594 4011 1636 4053 ex
1659 3989 1733 4074 igne
1758 4009 1831 4053 esse
1854 3987 2073 4072 intellegatur,

423 4098 534 4156 tamen
563 4093 648 4177 ignis
678 4115 885 4180 nequaqnam
915 4096 1024 4159 calore
1052 4116 1110 4159 suo
1140 4096 1230 4182 prior
1253 4116 1334 4159 esse
1363 4093 1548 4158 dinoscitur.
1595 4113 1672 4156 ecce
1700 4113 1784 4173 rem,
1815 4113 1898 4176 quae
1928 4092 2072 4156 existere

427 4193 557 4259 videtur
581 4197 720 4276 exalia,
749 4206 783 4262 ct
805 4205 913 4262 tamen
937 4199 969 4263 ei
991 4198 1032 4263 de
1057 4220 1122 4283 qua
1144 4199 1256 4264 existit
1280 4198 1349 4262 sine
1372 4198 1440 4261 ulla
1463 4197 1619 4282 temporis
1643 4195 1876 4261 intercessione
1901 4196 2073 4260 coniuncta
2100 4209 2125 4247 ³⁵

374 4299 394 4361 9
425 4305 483 4363 est.
531 4320 602 4364 cum
627 4309 737 4366 autem
762 4301 923 4366 addeum
941 4302 1099 4381 venimus,
1125 4303 1183 4366 hoc
1207 4308 1259 4367 est
1281 4302 1410 4388 genitus
1434 4299 1519 4390 quod
1542 4301 1646 4364 iustus
1669 4307 1703 4365 et
1725 4300 1860 4380 iustitia,
1888 4300 2017 4385 sapiens
2041 4301 2074 4364 et

425 4403 599 4487 sapientia,
630 4404 813 4469 misericors
837 4411 870 4469 et
894 4405 1135 4486 misericordia,
1166 4405 1317 4470 absolute
1341 4426 1383 4470 ex
1406 4404 1468 4468 doc
1491 4403 1578 4467 iusto
1603 4409 1700 4488 atque
1724 4405 1870 4490 sapiente
1885 4403 2073 4490 secundnm

424 4505 607 4591 apostolum
632 4507 707 4571 oriri
731 4507 953 4594 intellegimus
977 4509 1133 4573 iustitiam
1156 4514 1255 4594 atque
1277 4508 1479 4595 sapientiam.
1519 4514 1553 4572 et
1575 4507 1658 4572 sicut
1681 4528 1854 4592 numquam
1873 4491 1982 4571 iustus
2002 4506 2071 4570 sine

425 4609 558 4691 iustitia,
574 4631 748 4696 numquam
763 4611 893 4698 sapiens
907 4614 976 4678 sine
992 4613 1154 4698 sapientia
1166 4612 1236 4693 fuit,
1253 4613 1298 4676 ita
1311 4612 1395 4676 filius
1413 4633 1455 4676 ex
1471 4617 1576 4697 patro,
1593 4611 1651 4676 sed
1667 4618 1761 4698 pater
1776 4617 1951 4698 numquam
1967 4611 2072 4697 potuit

526 4816 614 4871 301⁸.
633 4816 704 4882 LllI,
724 4821 746 4873 1.

529 4938 543 4991 l
562 4941 623 5006 XX]
644 4943 693 4993 Xll
711 4943 739 4992 in
756 4961 805 5010 esp.
825 4961 874 4995 scr.
894 4941 920 4994 G
1047 4943 1064 4994 2
1082 4945 1250 4996 EPISTULA
1267 4940 1401 5011 FAUSTI]
1426 4943 1553 4994 lNCll’lT
1571 4941 1738 4994 EPISTULA
1756 4942 1879 4993 sanem
1898 4942 2020 4992 ranam
2040 4936 2074 5004 G,

427 5027 464 5078 ol.
478 5025 628 5092 Mamaea,
646 5029 677 5081 de
695 5039 762 5081 statu
779 5032 883 5083 animae
902 5031 925 5096 I,
940 5035 956 5082 2
972 5033 1021 5097 (ed.
1034 5030 1206 5097 Eriyclbrecdt
1219 5049 1248 5098 p.
1263 5029 1317 5095 24),
1334 5031 1466 5095 emptoris
1482 5045 1575 5080 conten
1592 5029 1733 5094 ignorarit:
1754 5037 1888 5095 percontor
1905 5029 1936 5080 de
1953 5029 2072 5079 nemine:

425 5131 473 5166 nec
490 5131 612 5182 responso
629 5133 677 5168 neo
694 5118 788 5185 scripto
810 5119 938 5185 proditnr3
962 5121 995 5186 cf.
1018 5118 1168 5170 Geanods'm
1186 5119 1217 5170 de
1234 5118 1297 5169 ciris
1313 5117 1360 5168 inl.
1378 5134 1399 5168 c.
1412 5114 1574 5167 LXXXVI:
1596 5115 1647 5182 legi
1664 5115 1720 5166 eius
1738 5122 1764 5166 et
1780 5116 1905 5166 adversus
1921 5114 2030 5165 Arianos
2047 5121 2073 5165 at

424 5203 622 5255 Macedonianos
639 5221 746 5272 mum
766 5206 890 5271 libellum,
909 5208 936 5258 in
953 5224 1005 5273 quo
1023 5207 1216 5259 coessentialem
1233 5205 1363 5274 praedicat
1379 5205 1527 5269 trinitatem,
1544 5212 1570 5255 et
1581 5204 1660 5256 alium
1672 5204 1795 5254 adversm
1807 5201 1906 5267 eosqui
1918 5201 2007 5252 dicunt
2017 5215 2073 5251 esse

424 5291 451 5340 in
469 5291 592 5342 creaturis
610 5291 708 5358 aliquid
725 5293 915 5360 incorpoream,
934 5294 961 5345 in
979 5312 1031 5361 quo
1049 5302 1075 5346 et
1092 5295 1186 5346 divinis
1204 5294 1356 5346 testimoniis
1373 5300 1399 5344 et
1416 5299 1517 5360 patrum
1535 5293 1669 5343 confirmat
1686 5289 1819 5342 sententiis
1836 5289 1901 5338 nihil
1918 5287 2073 5338 medendum

423 5393 573 5444 corporeum
591 5387 690 5444 praeter
706 5380 782 5432 deum
875 5378 893 5432 4
911 5381 1031 5448 inquiunt
1042 5380 1212 5447 Erigelbreclrt
1305 5378 1319 5430 l
1339 5375 1508 5432 sennonesG
1565 5374 1620 5443 sed]
1640 5393 1686 5428 seu
1700 5373 1726 5426 G
1818 5373 1850 5425 11
1863 5369 2071 5438 eruditissimum]

423 5464 443 5515 ti
465 5481 485 5515 r.
504 5465 521 5515 l.
542 5461 583 5514 θ’
690 5462 722 5516 14
739 5463 844 5533 etenim]
865 5467 991 5531 Carcinites,
1016 5469 1084 5519 enirn
1105 5463 1130 5519 G
1240 5463 1272 5518 16
1295 5463 1412 5532 naturae]
1430 5464 1607 5531 &caecata
1629 5471 1722 5514 natura
1742 5459 1768 5512 G
1877 5459 1910 5510 18
1930 5467 2027 5526 patrem
2047 5455 2072 5508 G

423 5546 458 5600 30
475 5558 501 5602 et
518 5567 550 5602 ex
568 5547 687 5618 utroque]
709 5551 835 5616 caninae,
852 5571 884 5604 ex
902 5561 1010 5620 utraque
1024 5551 1050 5604 G
1062 5555 1190 5621 probante
1202 5553 1360 5604 Momnueno
1430 5547 1578 5619 procedens]
1598 5565 1706 5617 persona
1723 5549 1807 5614 mppl.
1821 5547 1963 5598 Mommsen
2033 5546 2070 5596 in-

424 5633 500 5702 dicat]
514 5637 612 5703 scripsi,
630 5637 757 5704 indignat,
775 5656 830 5690 rae.
843 5657 860 5690 n
875 5636 909 5704 G,
926 5641 1044 5708 indigitat
1059 5642 1211 5692 bbniriueet
1223 5639 1393 5707 Enpelbreclrt
1479 5636 1513 5688 23
1528 5653 1590 5703 aege
1602 5633 1628 5687 G
1713 5632 1747 5685 24
1764 5631 1846 5684 iliaG
1932 5631 1966 5685 25
1983 5628 2031 5697 illi]
2046 5627 2072 5680 G

423 5725 477 5774 fili·
494 5720 536 5773 G¹
651 5721 686 5775 32
703 5724 831 5794 nascatur]
851 5726 1029 5793 Enpelbreclst,
1051 5723 1209 5780 nasciturG
1321 5724 1356 5780 35
1377 5727 1422 5777 ilia
1440 5721 1466 5775 G
1578 5719 1611 5773 37
1633 5722 1777 5772 misericors
1794 5727 1820 5772 et
1837 5715 2018 5786 misericordia]
2039 5714 2073 5786 G,

424 5811 546 5884 aplanen
563 5811 705 5864 dionimscn
808 5810 843 5863 39
859 5810 940 5882 pater]
961 5832 1008 5865 ona.
1024 5812 1058 5880 G,
1075 5817 1199 5882 suppeto
1217 5815 1387 5884 maereant
