4612 6428
900 381 950 434 VII
970 399 995 434 v.
1014 382 1116 434 341.-
1135 399 1160 436 v.
1178 382 1238 436 430.

652 554 697 618 Vt
720 555 861 640 primum
884 555 1005 639 ingesti
1028 553 1155 639 pondus
1180 555 1328 641 suscepit
1351 555 1496 634 honoris,

605 658 698 744 legas
721 658 775 743 qui
800 659 931 724 veniam
955 665 1103 744 poscant,
1127 658 1323 738 hicmarus,
1348 660 1460 740 furori,

536 774 575 812 ³⁹⁰
608 761 749 827 Saxonis
772 763 921 828 incursus
946 767 1065 840 cessat,
1093 761 1313 847 Chattumque
1336 763 1476 849 palustri

606 865 722 951 alligat
745 864 840 931 Albis
864 887 965 951 aqua;
989 866 1110 950 vixque
1134 864 1197 930 hoc
1220 873 1271 929 ter
1293 873 1461 930 menstrua
1483 872 1586 930 toturn

606 969 684 1034 luna
707 969 807 1051 videt,
832 971 962 1055 iamque
985 968 1188 1054 adpopulos
1212 989 1250 1033 ao
1271 990 1348 1033 rura
1371 968 1473 1034 feroci

605 1079 697 1138 tenta
721 1073 827 1138 Getae
851 1072 1017 1159 pertendit
1039 1072 1112 1149 iter,
1136 1092 1200 1156 qua
1222 1073 1337 1157 pulsus
1361 1073 1403 1138 ab
1427 1079 1520 1138 aestu

607 1176 759 1242 Oceanus
783 1178 922 1244 refluum
946 1175 1072 1261 spargit
1095 1195 1154 1261 per
1178 1175 1266 1239 culta
1289 1175 1504 1246 Garumnam:

564 1295 575 1331 t·
607 1281 641 1343 in
664 1281 785 1346 flumen
809 1286 961 1346 currente
986 1279 1068 1344 mari
1093 1278 1295 1343 transcendit
1316 1300 1448 1345 amarus

605 1384 728 1450 blanda
750 1385 874 1449 fluenta
896 1386 996 1462 latex,
1020 1381 1174 1466 fluviique
1200 1382 1343 1469 impacta
1366 1404 1425 1469 per
1447 1385 1576 1448 alveum

604 1489 693 1554 salsa
715 1489 924 1574 peregrinum
948 1487 1010 1552 sibi
1035 1487 1169 1571 navigat
1192 1484 1279 1550 unda
1302 1487 1507 1573 profundum.

604 1593 657 1658 hic
681 1595 747 1658 iam
771 1591 931 1680 disposito
955 1592 1105 1657 laxantes
1129 1591 1222 1656 irena
1245 1589 1354 1655 duello

604 1695 767 1761 Vesorum
791 1715 946 1781 proceres
969 1695 1088 1781 raptim
1111 1693 1282 1780 suspendit
1305 1693 1345 1759 ab
1369 1695 1418 1760 ira

606 1820 725 1882 rumor,
748 1800 915 1865 succincto
939 1798 1088 1863 referens
1113 1797 1293 1882 diplomate
1316 1798 1450 1863 Avitum

603 1905 667 1968 iam
692 1903 827 1968 Geticas
850 1902 975 1967 intrare
999 1901 1115 1966 domos
1139 1902 1311 1988 positaque
1335 1922 1509 1988 parumper

604 2008 690 2072 mole
715 2007 894 2093 magisterii
917 2006 1019 2091 legati
1042 2006 1115 2070 iura
1137 2004 1277 2072 subisse.

603 2113 804 2197 obstupuere
828 2110 930 2175 duces
953 2110 1077 2194 pariter
1102 2109 1342 2195 Scythicusque
1366 2116 1499 2175 senatus

604 2223 638 2281 et
660 2217 811 2295 timuere,
835 2234 928 2280 suam
951 2235 1068 2300 pacem
1091 2234 1133 2277 ne
1156 2213 1238 2278 forta
1261 2221 1409 2300 negaret.

561 2361 565 2372 -
606 2320 652 2384 sic
676 2319 791 2383 rutilus
815 2316 1024 2382 Phaethonta
1047 2317 1153 2381 levem
1178 2337 1250 2380 oum
1274 2324 1425 2404 carperet
1447 2318 1519 2382 axis

605 2423 669 2487 iarn
692 2422 837 2510 pallente
860 2419 914 2485 dis
937 2419 1154 2505 flagrantique
1178 2421 1289 2484 excita
1311 2420 1432 2485 mundo

604 2547 669 2613 pax
693 2527 931 2591 elementorum
955 2524 1080 2588 fureret
1102 2524 1156 2587 vel
1180 2523 1269 2588 sicoa
1292 2525 1492 2611 propinquus

603 2631 747 2696 saeviret
769 2651 829 2716 per
852 2621 970 2714 stagna
993 2649 1094 2715 vapor
1117 2627 1280 2713 limusque
1304 2629 1412 2694 sitiret

603 2735 760 2821 pulvereo
782 2732 874 2821 ponti
897 2731 1009 2813 fundo,
1033 2739 1110 2797 tunc
1133 2732 1228 2797 unica
1250 2731 1378 2796 Phoebi

604 2840 770 2903 insuetum
793 2838 939 2903 clemens
963 2835 1106 2900 extinxit
1129 2835 1259 2899 flamma
1283 2836 1433 2900 calorem.

650 2941 715 3006 Hie
738 2942 857 3026 aliquis
881 2947 947 3005 tum
973 2941 1057 3004 forte
1081 2938 1193 3019 Getes,
1218 2938 1294 3004 dum
1317 2941 1402 3006 falce
1425 2947 1557 3006 recocta

605 3045 726 3110 ictibus
749 3046 903 3110 informat
925 3064 1071 3129 saxoque
1095 3045 1278 3108 cacuminat
1301 3064 1425 3125 susem,

605 3151 671 3214 iam
693 3156 863 3236 promptus
887 3149 1028 3213 caluisse
1051 3146 1151 3226 tubis,
1174 3147 1239 3210 iam
1263 3147 1393 3232 iamque
1416 3148 1578 3232 frequenti

605 3253 708 3319 caede
732 3255 921 3339 sepulturus
944 3260 1064 3317 terram
1088 3272 1151 3315 non
1175 3250 1268 3315 hoste
1292 3252 1430 3336 sepulto,

605 3359 722 3422 claruit
744 3366 780 3422 ut
803 3358 943 3444 primum
966 3376 1084 3420 nomen
1108 3354 1270 3420 venientis
1294 3354 1394 3432 Aviti,

604 3463 783 3528 exclamat:
819 3461 939 3547 “periit
960 3460 1096 3538 bellum,
1120 3459 1196 3524 date
1219 3480 1331 3525 rursus
1354 3465 1471 3523 aratra.

604 3568 671 3631 otia
695 3567 722 3629 si
746 3565 869 3651 replico
893 3565 1020 3652 priscae
1044 3564 1130 3628 bene
1154 3569 1233 3628 nota
1255 3562 1384 3646 quietis,

603 3691 668 3734 non
691 3670 795 3734 semel
820 3670 881 3733 ists
905 3668 983 3732 mihi
1006 3666 1130 3732 ferrum
1152 3666 1235 3731 tuiit.
1281 3665 1442 3751 opudor!
1466 3685 1485 3728 o
1509 3664 1556 3728 di!

603 3781 730 3839 tantum
754 3794 851 3860 posse
874 3772 988 3838 fidem!
1013 3771 1090 3856 quid
1113 3770 1249 3835 foedera
1271 3769 1360 3834 lenta
1382 3769 1525 3847 minaris,

605 3880 638 3942 in
662 3878 816 3942 damnum
840 3876 921 3940 mihi
943 3875 1008 3940 fide
1031 3879 1162 3940 meum?
1186 3872 1381 3960 compendia
1405 3873 1496 3959 pacis

603 3991 637 4046 et
660 3987 827 4068 praestare
852 3980 947 4046 iubes
971 4000 1031 4044 nos
1055 3986 1089 4043 et
1112 3979 1248 4043 debere:
1273 3979 1344 4062 quis
1366 3997 1519 4061 umquam
1572 4001 1576 4008 ·

602 4086 773 4152 erederet?
797 4105 839 4149 eu
863 4084 972 4149 Getici
996 4105 1102 4170 reges,
1125 4104 1242 4169 parere
1266 4082 1427 4156 volentes,

603 4190 739 4255 inferius
762 4209 920 4274 regnasse
942 4196 1068 4273 putant.
1114 4208 1175 4252 nec
1198 4186 1309 4252 dicere
1333 4187 1441 4250 saltim

602 4292 749 4358 desidiae
772 4293 910 4358 obtentu
933 4314 1067 4380 possum
1090 4299 1122 4356 te
1147 4292 1273 4378 proelia
1295 4292 1400 4355 nolle:

531 4413 570 4452 ⁴2⁵
604 4421 720 4486 pacem
744 4399 836 4463 fortis
860 4419 961 4462 arnas.
1006 4398 1070 4462 iam
1094 4404 1205 4484 partes
1229 4396 1346 4460 sternit
1369 4396 1502 4468 Avitum

606 4505 741 4589 insuper
764 4509 797 4567 ct
821 4502 956 4584 Getieas
980 4503 1182 4588 praemissus
1207 4501 1354 4565 continet
1377 4502 1443 4564 iras

597 4606 803 4682 ,Messianum
828 4604 933 4669 adhuc
958 4603 1132 4684 mandasti,
1156 4610 1189 4668 ct
1210 4605 1363 4689 ponimus
1386 4626 1486 4670 arma.

605 4707 682 4794 quid
706 4714 819 4786 restat,
842 4707 930 4792 quod
952 4729 1049 4792 posse
1066 4709 1167 4771 veiis?
1191 4707 1276 4792 quod
1298 4728 1360 4770 non
1380 4729 1491 4772 snmus
1508 4708 1631 4786 hostes,

602 4833 703 4900 parva
727 4833 817 4886 reor;
841 4814 948 4898 prisco
973 4819 1008 4875 tu
1032 4813 1059 4874 si
1081 4812 1160 4875 mihi
1184 4818 1279 4875 notus
1303 4811 1336 4874 in
1359 4819 1434 4875 actu
1458 4833 1505 4894 es,

464 4971 467 4976 .
532 4933 571 4972 ⁴³⁰
603 4916 773 4983 auxiliaris
798 4936 864 4980 ero.
910 4917 962 4980 vei
988 4917 1035 4980 sio
1058 4936 1205 5002 pugnare
1229 4913 1375 4979 licebit.”

339 5179 389 5232 389
413 5183 489 5234 venia
507 5181 539 5232 M
652 5178 704 5230 390
726 5187 827 5231 curant
845 5177 873 5230 F
949 5179 1116 5245 catthumque
1136 5179 1163 5242 0,
1189 5178 1344 5245 charumque
1368 5177 1392 5228 Τ
1506 5177 1556 5233 391
1582 5199 1630 5234 orn.
1650 5181 1679 5234 F
1753 5183 1890 5250 1111111110ι

236 5267 279 5318 vix
300 5266 463 5320 Wilamomitz
533 5281 559 5319 re
578 5267 611 5316 M
715 5264 766 5316 393
784 5273 855 5318 tanta
872 5265 906 5314 M
1007 5263 1059 5316 394
1082 5282 1222 5332 garonnam
1241 5266 1316 5316 codd.
1419 5264 1470 5316 399
1493 5283 1624 5320 versorum
1645 5269 1668 5321 0
1733 5257 1844 5337 proceris
1862 5269 1896 5320 Μ

235 5353 284 5405 401
305 5355 396 5406 domus
415 5356 574 5421 positumque
592 5353 625 5404 M
726 5351 777 5403 4113
795 5360 938 5420 optupucrc
957 5353 985 5403 F
1085 5351 1136 5404 404
1155 5361 1279 5420 negarunt
1297 5352 1326 5402 M
1434 5350 1487 5404 diti
1506 5355 1601 5406 toronos
1619 5356 1702 5407 loram
1719 5355 1758 5420 M,
1779 5358 1890 5423 phaeton

234 5441 338 5493 aieuum
359 5441 386 5504 0,
410 5443 505 5508 phaton
524 5443 611 5494 icuum
636 5441 664 5504 Τ,
688 5443 757 5492 seton
782 5440 868 5489 lorum
887 5439 915 5490 Τ
998 5436 1124 5506 carperet]
1150 5447 1220 5506 peret
1238 5437 1270 5488 M
1354 5439 1475 5490 1111111111*Ί
1596 5438 1648 5492 407
1671 5442 1820 5509 propinquis
1837 5439 1897 5490 ΜΤ

236 5525 289 5577 412
307 5529 424 5593 ferroque
447 5527 471 5576 Τ
558 5527 610 5578 419
632 5526 816 5578 frumentini·
908 5525 959 5578 4111
982 5529 1062 5594 periet
1080 5528 1111 5577 M
1163 5528 1278 5578 libellum
1298 5526 1326 5576 F
1412 5526 1464 5578 tle
1486 5529 1520 5578 dii
1539 5527 1619 5580 MFo
1708 5526 1760 5580 422
1781 5529 1849 5595 regis
1867 5545 1890 5595 p.

236 5613 391 5666 rorarunt!
475 5611 525 5664 424
545 5614 616 5664 11111111
630 5613 688 5676 1111,
705 5615 792 5666 1111111111
806 5614 838 5663 M
843 5611 856 5648 ¹¹
949 5612 1143 5680 421111111111111
1237 5612 1289 5664 4211
1306 5611 1428 5678 continet]
1447 5623 1570 5682 temperat
1587 5614 1612 5664 Τ
1699 5612 1750 5665 428
1768 5615 1839 5666 velut
1856 5613 1889 5670 T¹

234 5696 343 5765 1111111]
363 5700 430 5765 qnod
453 5699 477 5748 Τ
