4642 6488
462 388 481 451 6
1077 371 1214 432 smomr
1232 369 1492 431 scissurarum

458 558 655 625 laboriosius
688 557 803 622 brevia
831 552 968 640 produci
1000 573 1098 638 quam
1125 557 1277 639 porrecta
1307 548 1440 615 succidi.
1494 549 1553 614 sed
1574 549 1650 614 hiric
1674 551 1749 636 quia
1771 550 1875 617 istaec
1899 551 1996 635 satis,
2022 547 2109 638 quod

458 665 588 744 subest,
616 682 740 748 quaeso
769 658 991 725 reminiscaris
1022 658 1108 723 velle
1136 679 1189 723 me
1217 656 1277 719 tibi
1310 654 1410 720 studii
1432 654 1570 720 huiusce
1593 655 1854 721 vicissitudinem
1877 657 2107 744 reponderare,

457 767 553 832 modo
577 788 630 832 me
653 765 837 831 actionibus
860 762 955 828 iustis
979 760 1059 825 deus
1082 781 1229 824 annuens
1253 766 1287 824 et
1310 759 1469 844 sospitam
1491 765 1639 845 praestet
1662 766 1696 825 et
1718 759 1884 826 reducem.
1929 763 2013 830 vale.

1264 1051 1301 1116 V.

884 1205 1097 1273 SIDONIUS
1121 1203 1327 1269 HERONIO
1352 1203 1438 1269 SUO
1464 1204 1683 1270 SALUTEM.

408 1354 423 1412 1
561 1327 730 1423 ervnass
751 1361 825 1420 tuas
841 1355 967 1419 Romae
982 1355 1110 1440 positus
1126 1353 1249 1440 accepi,
1265 1353 1383 1438 quibus
1399 1374 1440 1417 an
1462 1353 1640 1418 secundum
1657 1374 1827 1420 commune
1844 1358 2016 1424 consilium
2036 1381 2110 1426 sese
2138 1385 2150 1422 s

459 1459 733 1548 peregrinationis
756 1479 850 1524 meae
874 1465 993 1545 coepta
1015 1463 1244 1544 promoveant,
1269 1457 1428 1521 sollicitus
1451 1457 1597 1541 inquiris,
1621 1458 1705 1521 viam
1729 1460 1827 1523 etiam
1852 1463 1981 1546 qualem
2005 1467 2110 1549 quali-

460 1572 575 1650 terque
598 1563 809 1644 coniecerim,
833 1583 914 1648 quos
941 1567 998 1625 aut
1027 1561 1142 1626 fluvios
1165 1560 1304 1624 viderim
1326 1567 1498 1647 poetarum
1522 1561 1720 1626 carminibus
1748 1562 1903 1628 inlustres
1932 1572 1989 1630 aut
2010 1569 2110 1634 urbes

459 1668 625 1732 moenium
648 1669 713 1732 situ
735 1667 865 1732 inclitas
888 1671 945 1729 aut
967 1671 1095 1730 montes
1119 1666 1287 1728 numinum
1311 1664 1464 1750 opinione
1487 1664 1638 1749 vulgatos
1666 1671 1722 1729 aut
1751 1687 1884 1754 campos
1908 1671 2106 1756 proeliorum

457 1772 671 1858 replicatione
694 1770 939 1850 monstrabiles,
964 1769 1041 1854 quia
1063 1769 1294 1854 voluptuosum
1318 1789 1456 1833 censeas
1480 1789 1564 1853 quae
1594 1770 1736 1834 lectione
1760 1774 1961 1857 compereris
1986 1796 2109 1857 eorum,

458 1877 511 1962 qui
534 1876 754 1962 inspexerint,
781 1875 930 1939 fideliore
963 1872 1117 1938 didicisse
1141 1878 1333 1938 memoratu.
1379 1873 1532 1957 quocirca
1558 1871 1687 1957 gaudeo
1711 1880 1744 1938 te
1768 1874 1846 1959 quid
1868 1898 1964 1962 agam
1990 1900 2109 1965 cupere
2139 1902 2163 1940 ro

458 2000 670 2064 cognoscere;
694 1999 835 2064 namque
857 1976 1084 2042 huiuscemodi
1108 1976 1250 2041 studium
1274 1977 1314 2041 de
1338 1977 1460 2041 affeetu
1480 1977 1636 2041 interiore
1653 1978 1884 2063 proficiscitur.
1929 1981 2030 2063 ilicet,
2048 1984 2110 2047 etsi

457 2103 553 2148 secus
576 2084 760 2169 quaepiam,
784 2081 844 2147 sub
867 2103 930 2167 ope
953 2088 1065 2145 tamen
1081 2079 1136 2145 dei
1154 2080 1262 2145 ordiar
1277 2101 1297 2144 a
1313 2079 1475 2160 secundis,
1498 2081 1618 2165 quibus
1640 2081 1826 2166 primordiis
1850 2085 1992 2150 maiores
2007 2087 2111 2150 nostri

405 2189 425 2249 2
458 2188 555 2251 etiam
579 2187 828 2251 sinisteritatum
852 2206 984 2250 suarum
1007 2184 1184 2249 relationes
1214 2185 1367 2250 evolvero
1391 2184 1656 2270 auspicabantur.
1708 2205 1842 2270 egresso
1873 2189 1952 2253 mihi
1974 2189 2108 2254 Rhoda-

456 2290 572 2354 nusiae
604 2296 735 2355 nostrae
765 2289 936 2354 moenibus
966 2286 1115 2375 publicus
1145 2309 1260 2352 cursus
1287 2289 1361 2358 usui
1390 2287 1452 2352 luit
1479 2294 1594 2374 utpote
1630 2289 1732 2354 sacris
1760 2291 1909 2376 apicibus
1932 2294 2054 2372 accito,
2078 2301 2111 2358 et

457 2392 589 2478 quidem
617 2414 677 2479 per
705 2393 868 2458 domicilia
897 2391 1058 2456 sodalium
1086 2392 1422 2478 propinquorumque;
1451 2391 1507 2456 ubi
1536 2413 1615 2456 saue
1638 2393 1741 2456 vianti
1767 2413 1894 2458 moram
1925 2417 1990 2461 non
2013 2418 2108 2462 vere·
2139 2419 2163 2457 rs

457 2497 573 2562 dorum
595 2499 743 2583 paucitas
775 2495 834 2562 sad
863 2497 1041 2560 amicorum
1063 2495 1237 2560 multitudo
1261 2497 1422 2578 faciebat,
1454 2517 1537 2580 qnae
1561 2496 1641 2560 mihi
1664 2506 1735 2561 arto
1759 2497 1906 2584 inplicita
1933 2502 2109 2585 complexu

458 2602 538 2665 itum
561 2601 766 2686 reditumque
788 2601 920 2666 felicem
943 2599 1144 2665 certantibus
1167 2601 1251 2664 votis
1276 2600 1544 2687 conprecabatur.
1589 2601 1637 2664 sic
1660 2599 1795 2686 Alpium
1819 2602 1904 2686 iugis
1932 2605 2109 2690 appropin-

457 2711 601 2789 quatum,
625 2725 761 2789 quatum
784 2705 865 2769 mihi
887 2705 971 2769 citus
996 2705 1156 2768 etfacilis
1180 2725 1338 2768 ascensus
1362 2710 1396 2768 et
1418 2705 1505 2768 inter
1527 2705 1689 2790 utrimque
1710 2705 1865 2770 terrentis
1889 2706 1992 2770 latera
2013 2729 2110 2793 prac-

406 2808 426 2869 3
457 2809 545 2894 rupti
575 2809 699 2873 cavatis
727 2809 763 2871 iu
791 2809 908 2873 callem
937 2809 1067 2872 nivibus
1095 2809 1215 2873 itinera
1242 2807 1379 2874 mollita.
1423 2807 1595 2872 fluviorum
1625 2827 1773 2892 quoque,
1799 2808 1825 2871 si
1850 2808 1995 2892 quinon
2017 2811 2111 2875 navi·

458 2912 597 2996 gabiles,
613 2911 697 2977 vada
719 2911 890 2977 commoda
905 2914 959 2977 val
982 2919 1072 2978 carte
1096 2912 1199 2999 pervii
1222 2919 1351 2998 pontes,
1375 2932 1457 2997 quos
1473 2911 1650 2996 antiquitas
1670 2933 1690 2974 a
1711 2909 1931 2976 fundamentis
1947 2912 2109 2999 adusque
2137 2935 2163 2975 ae

459 3037 615 3101 aggerem
639 3017 789 3082 calcabili
812 3017 905 3082 silice
929 3023 1109 3082 cmstatum
1137 3017 1291 3104 crypticis
1320 3016 1461 3081 arcubus
1483 3016 1665 3081 fornicavit.
1710 3015 1817 3080 Ticini
1847 3019 2025 3082 cursoriam
2050 3017 2112 3102 (sic

456 3120 588 3204 navigio
612 3121 745 3207 nomen)
774 3121 927 3204 ascendi,
957 3143 1022 3208 qua
1044 3123 1079 3186 in
1101 3120 1282 3185 Eridanum
1309 3119 1401 3184 bravi
1430 3118 1560 3183 delatus
1589 3124 1735 3184 cantatas
1768 3142 1868 3208 saepe
1892 3121 2112 3187 comissaliter

406 3227 426 3286 4
458 3225 553 3289 nobis
568 3223 848 3290 Phaethontiadas
864 3234 898 3292 et
913 3226 1157 3291 commenticias
1181 3225 1310 3289 arborei
1331 3224 1457 3288 metalli
1479 3224 1631 3288 lacrimas
1652 3224 1718 3289 risi.
1764 3225 1915 3289 ulvosum
1930 3225 2110 3291 Lambrum

461 3329 630 3392 caerulum
642 3328 804 3410 Adduam,
823 3331 971 3395 velocem
982 3328 1135 3394 Athesim
1150 3328 1280 3415 pigrum
1294 3327 1461 3409 Mincium,
1482 3326 1536 3411 qui
1552 3325 1731 3412 Ligusticis
1747 3327 1980 3414 Euganeisque
1993 3331 2111 3394 monti-

456 3430 519 3495 bus
542 3433 740 3516 oriebantnr,
763 3435 978 3520 paulumper
1001 3433 1087 3498 ostia
1109 3431 1248 3496 adversa
1272 3431 1450 3496 subvectus
1480 3431 1514 3495 in
1537 3432 1604 3495 suis
1629 3433 1730 3496 etiam
1751 3433 1938 3518 gurgitibus
1962 3434 2110 3519 inspexi3
2139 3453 2164 3492 aa

450 3554 585 3618 quorum
617 3537 708 3625 ripae
738 3538 867 3624 torique
897 3537 1020 3624 passim
1049 3537 1180 3622 quomis
1209 3535 1402 3620 acernisque
1431 3535 1621 3599 nemoribus
1645 3536 1879 3602 vestiebantur.
1924 3537 1977 3600 hic
2001 3538 2109 3601 avium

565 3761 581 3812 1
599 3763 648 3814 ἰείη
659 3763 770 3827 haecM,
787 3765 836 3815 ista
848 3765 896 3814 hac
908 3761 940 3826 P,
956 3762 1005 3813 ἰείη
1017 3763 1066 3812 hoc
1080 3761 1106 3826 0,
1125 3762 1189 3813 haec
1207 3758 1266 3827 (om.
1278 3759 1337 3826 ista)
1352 3760 1377 3810 Τ
1437 3770 1498 3828 post
1515 3761 1576 3813 satis
1594 3763 1641 3828 lep.
1654 3762 1749 3814 istisin
1763 3760 1800 3810 Τ1
1904 3759 1922 3812 3
1934 3763 2082 3814 accionibus
2094 3758 2117 3811 0

457 3877 475 3932 4
493 3883 597 3934 haranio
608 3881 663 3933 ΒΤ
725 3891 784 3950 post
802 3884 907 3935 heronio
921 3891 972 3934 tres
984 3882 1028 3933 litt.
1044 3899 1112 3932 eros.
1123 3881 1162 3931 P²
1230 3883 1363 3948 trascripta
1380 3883 1432 3950 des.
1449 3883 1477 3933 ia
1486 3881 1516 3933 F
1615 3880 1632 3934 5
1649 3884 1746 3935 litteras
1764 3919 1830 3935 ....
1848 3879 1934 3934 Saltu
1952 3883 2052 3934 inclitas
2069 3890 2115 3934 ant

452 4011 561 4068 praeter
578 4004 629 4054 lam
646 4021 698 4070 qua
717 4040 805 4055 .....
823 4004 931 4054 viderim
947 4010 1022 4071 poeta
1041 4039 1147 4054 ......
1167 4011 1197 4055 ut
1214 4005 1292 4056 urbes
1309 4005 1439 4056 moenium
1458 4041 1505 4056 ...
1524 4005 1577 4068 des.
1595 4005 1624 4055 ia
1641 4002 1670 4054 F
1741 4004 1839 4055 litteras
1856 4009 1914 4054 tuas
1931 4019 1979 4053 ora.
1997 4011 2062 4068 spat.
2083 4007 2115 4052 16

458 4122 504 4174 liu.
522 4139 576 4173 unc.
589 4121 614 4172 L
718 4121 864 4174 lillustras
881 4117 965 4173 MCF
1005 4157 1007 4160 -
1030 4131 1076 4174 aut
1092 4141 1159 4174 corr.
1177 4140 1209 4174 ea
1225 4124 1277 4175 aud
1297 4124 1333 4175 0²
1437 4122 1455 4175 8
1472 4132 1518 4175 aut
1534 4141 1601 4176 corr.
1620 4141 1651 4175 aa
1668 4125 1719 4174 aud
1739 4125 1775 4175 0²
1844 4119 1980 4175 numinum
1994 4123 2114 4174 Wlnrrw-

456 4242 562 4307 micans,
579 4243 713 4294 nominum
721 4239 883 4307 LMTOFP,
900 4243 1032 4294 hominum
1049 4244 1228 4297 Wouroerenus
1296 4247 1416 4313 vulgatos
1428 4247 1480 4313 (les.
1493 4247 1521 4297 io
1531 4245 1560 4296 F
1659 4243 1746 4297 9mon
1756 4263 1787 4296 ex
1798 4245 1975 4296 monstrabiles
1987 4245 2039 4310 def.
2051 4243 2080 4294 in
2089 4243 2119 4295 F

462 4363 576 4415 laccione
593 4364 738 4431 conparatis
758 4359 782 4414 O
912 4362 945 4416 11
963 4382 1066 4430 nanque
1083 4365 1118 4415 M
1200 4367 1280 4418 illicet
1296 4366 1321 4417 J.
1407 4376 1433 4420 at
1450 4385 1481 4419 aa
1499 4368 1547 4419 atsi
1564 4384 1583 4420 s.
1603 4367 1620 4418 l.
1638 4367 1701 4418 add.
1719 4367 1754 4416 M
1758 4367 1772 4444 ¹·
1901 4363 1934 4416 12
1952 4366 2072 4432 quoipiam
2089 4363 2118 4414 F

460 4481 494 4535 13
507 4492 568 4551 post
584 4501 687 4552 egresso
706 4487 753 4556 laq.
771 4488 836 4552 itaq3
853 4487 881 4537 in
899 4484 928 4536 F
1010 4486 1088 4538 michi
1108 4486 1134 4551 0,
1152 4479 1206 4540 nob
1223 4489 1248 4539 Τ
1329 4489 1480 4541 rodanusiae
1498 4489 1529 4539 M
1534 4487 1613 4552 ΤὈΡ,
1639 4445 1774 4569 ioqdanusd
1792 4485 1833 4537 F¹
1977 4483 2010 4537 15
2027 4501 2114 4537 varne-

458 4605 584 4702 qornmL
687 4605 720 4660 16
738 4625 789 4675 que
805 4625 873 4660 corr.
891 4624 922 4658 aa·
939 4624 1016 4674 quem
1028 4603 1065 4658 θ’
1135 4607 1248 4662 michiO
1313 4612 1436 4678 implicita
1447 4605 1533 4661 MCF
1599 4609 1758 4676 conplequ
1861 4603 1894 4658 17
1912 4606 1979 4657 votis
1996 4605 2113 4656 certanti-

385 4779 387 4782 .
455 4701 506 4779 hus
529 4727 554 4777 T
640 4727 848 4794 comprecabatur
868 4724 935 4791 MF,
957 4729 1226 4796 comprecabanturC
1351 4727 1521 4783 lensiense
1605 4747 1726 4782 assensus
1747 4726 1803 4795 (alt.
1822 4745 1835 4779 ε
1853 4745 1920 4779 corr.
1939 4727 1967 4777 iu
1984 4742 1999 4776 c
2017 4722 2070 4790 F’)
2089 4723 2119 4775 F

455 4849 579 4916 utrinque
596 4849 631 4900 Μ
709 4823 790 4904 lintis
813 4849 843 4901 F
847 4849 856 4882 ¹
994 4849 1027 4902 19
1045 4853 1139 4905 vallem
1162 4852 1194 4917 Τ,
1215 4851 1227 4904 l
1246 4854 1337 4905 callam
1354 4869 1375 4906 s.
1394 4854 1411 4905 l.
1430 4853 1491 4904 add.
1516 4853 1557 4902 Τ1
1644 4853 1743 4905 mollita
1759 4861 1782 4904 et
1798 4852 1827 4902 ia
1843 4847 1958 4958 marqol
1975 4849 2064 4900 molita
2081 4845 2116 4896 Μ

456 4966 491 5020 20
508 4971 551 5022 vel
568 4987 616 5022 ora.
635 4970 660 5021 L
738 4988 821 5038 usque
841 4972 874 5022 ad
891 4970 921 5022 F
1054 4970 1090 5024 21
1108 4974 1220 5042 cripticis
1237 4973 1320 5025 MOF
1392 4976 1500 5028 artubus
1521 4975 1548 5025 P
1623 4975 1705 5041 tycini
1721 4972 1750 5024 F
1884 4970 1919 5025 22
1937 4969 2039 5023 ascendi
2058 4967 2092 5018 M
2093 4969 2114 5032 ¹,

456 5092 560 5143 meandi
576 5088 672 5143 FCFP
738 5093 889 5146 heridanum
898 5091 1006 5146 ΕΜΤῸ
1071 5096 1145 5147 brevi
1162 5113 1211 5147 oar.
1221 5094 1246 5145 L
1314 5103 1340 5147 at
1357 5103 1470 5148 cantatm
1480 5096 1514 5164 Μ
1579 5103 1694 5148 cantatas
1703 5111 1778 5163 saepe
1787 5095 1953 5147 comissaliter
1971 5093 2045 5145 nobis
2062 5109 2111 5144 om.

457 5223 522 5282 spat.
541 5217 577 5266 28
596 5214 641 5265 ltu.
658 5231 713 5266 vac.
731 5213 756 5265 L
824 5216 899 5268 nobis
916 5232 992 5284 saepe
1009 5217 1209 5267 commessalitar
1223 5215 1248 5266 Τ
1312 5218 1485 5269 comessaliter
1504 5217 1536 5282 0,
1559 5218 1757 5269 commessalitsr
1774 5216 1808 5267 M
1810 5215 1882 5267 TFP
1988 5209 2022 5264 23
2039 5213 2113 5264 nobis

455 5351 504 5386 om.
520 5333 549 5385 F
614 5335 806 5403 phaetontiadas
822 5333 935 5401 LMFC,
952 5336 1128 5405 phetontiadas
1141 5335 1170 5385 F
1235 5337 1420 5388 commentitias
1438 5336 1473 5385 Μ
1537 5337 1637 5388 labrum
1653 5335 1677 5386 Τ
1775 5334 1810 5387 24
1827 5337 1938 5387 adduam
1954 5335 1983 5384 ia
1999 5349 2054 5383 ras.
2072 5331 2113 5382 Ρ*

456 5458 570 5508 velocem
588 5495 664 5510 .....
686 5455 721 5509 26
746 5459 893 5510 nemoribus
919 5466 1022 5524 praetae-
1047 5457 1156 5524 gnsticis
1175 5493 1280 5509 ......
1299 5459 1406 5524 paulum
1429 5474 1475 5525 par
1493 5458 1601 5510 ....is
1623 5459 1698 5510 etiam
1721 5457 1868 5524 gurgitibus
1886 5492 1975 5508 .....
1993 5455 2112 5520 thoriqua

455 5579 549 5645 passim
567 5581 673 5644 quernis
691 5615 778 5632 .....
795 5579 846 5631 bus
863 5578 916 5646 def.
933 5577 1000 5629 qu
1063 5577 1216 5630 mintiumO
1315 5575 1351 5630 25
1361 5579 1445 5630 hostia
1454 5578 1485 5629 M
1489 5577 1558 5629 TOP
1657 5575 1691 5628 26
1702 5579 1820 5644 thorique
1829 5577 1862 5627 M
1865 5575 1958 5628 TOFP
2018 5577 2113 5643 passim

456 5717 475 5752 s.
495 5702 511 5753 l.
531 5701 594 5752 aaa.
617 5701 654 5750 Τι
723 5701 811 5752 avium
828 5717 951 5753 mannans
963 5707 1070 5765 macter
1088 5700 1130 5750 avi
1147 5698 1201 5766 des.
1218 5699 1246 5749 in
1258 5698 1287 5750 F
