4612 6428
873 386 925 442 Vll
944 407 968 443 v.
988 391 1039 445 516
1058 405 1134 445 -’ν.
1153 391 1212 446 599.

581 583 667 626 nune
690 560 791 627 habet
814 563 996 649 imperium.
1043 565 1194 650 petimus,
1220 566 1402 631 conscende
1427 568 1582 646 tribunal,

581 667 670 752 erige
696 668 873 758 cellaps0s;
897 689 961 732 non
985 670 1047 734 hoc
1070 670 1165 734 modo
1190 677 1338 756 tempora
1361 678 1512 756 poscunt,

581 779 617 834 ut
639 757 777 836 Romam
802 772 874 858 plus
898 773 983 838 alter
1005 779 1103 838 amet.
1150 795 1190 838 ne
1217 772 1301 837 forto
1326 793 1420 838 reare

584 880 615 938 te
639 896 741 960 regno
765 897 830 940 non
855 897 929 942 esse
953 899 1079 963 parem:
1104 899 1177 942 eum
1201 876 1365 942 Brennica
1388 877 1483 962 signa

580 977 759 1064 Tarpeium
782 987 982 1066 premerent,
1006 983 1081 1060 seis,
1105 988 1173 1046 tum
1197 1003 1251 1045 res
1274 981 1407 1067 publica
1429 988 1543 1046 nostra

581 1089 651 1148 tota
674 1082 832 1149 Camillus
855 1091 936 1167 erat,
959 1087 1085 1172 patriae
1109 1087 1164 1173 qui
1186 1086 1318 1151 debitus
1341 1087 1427 1150 ultor

584 1190 668 1254 texit
690 1191 853 1256 fumantes
877 1191 988 1256 hostili
1012 1197 1121 1276 strage
1144 1190 1284 1257 favillas.

511 1331 541 1346 «ν
580 1315 644 1358 non
667 1293 726 1357 tibi
750 1294 918 1359 centurias
943 1317 1058 1360 aurum
1080 1294 1238 1381 populare
1262 1294 1399 1380 paravit,

580 1418 641 1462 neo
664 1397 761 1463 modo
785 1400 919 1464 venales
944 1419 1182 1484 numerosoque
1207 1419 1280 1462 asse
1303 1398 1494 1483 redemptae

582 1507 779 1566 concurrunt
801 1502 843 1566 ad
865 1508 989 1588 puncta
1012 1502 1130 1577 tribus;
1156 1502 1311 1587 suffragia
1334 1501 1448 1566 mundi

581 1603 689 1668 nullus
713 1604 800 1668 emit.
846 1626 972 1691 pauper
993 1605 1129 1690 legeris;
1154 1605 1240 1689 quod
1265 1605 1385 1670 sufficit
1409 1627 1520 1685 unum,

582 1731 618 1773 es
641 1709 764 1773 meritis
788 1709 892 1776 dives.
937 1710 1062 1796 patriae
1087 1731 1143 1774 cur
1168 1716 1244 1774 vota
1267 1710 1416 1792 moraris,

512 1853 516 1864 -
582 1834 667 1897 quae
689 1813 781 1878 iubet
804 1820 840 1877 ut
863 1814 999 1879 iubeas?
1023 1814 1104 1878 haee
1129 1819 1180 1879 est
1204 1813 1367 1879 sententia
1390 1816 1534 1879 cunetis:

583 1918 611 1981 si
633 1917 783 1983 dominus
806 1919 854 1998 fis,
879 1919 963 1985 liber
986 1917 1074 1985 ero.”
1121 1919 1232 2005 fragor
1254 1920 1338 1984 atria
1362 1920 1506 2008 complet

497 2043 503 2056 ·
582 2020 708 2102 Uiemi,
732 2044 795 2108 quo
818 2023 902 2087 forte
925 2024 997 2087 loco
1020 2023 1076 2111 pia
1098 2022 1194 2088 turba
1218 2030 1353 2088 senatus

583 2125 746 2191 detulerat
768 2127 843 2206 vim,
867 2133 952 2208 vota,
976 2149 1101 2213 preces.
1146 2127 1248 2208 locus,
1272 2127 1353 2192 hera
1375 2127 1511 2212 diesque

582 2229 702 2294 dieitur
724 2231 862 2316 imperio
886 2229 976 2311 felix,
1002 2252 1040 2296 ee
1058 2231 1213 2317 protinus
1238 2231 1305 2296 illie

514 2373 544 2386 ··
583 2334 740 2398 nobilium
764 2333 921 2399 excubias
945 2334 1092 2419 gaudens
1109 2336 1260 2408 sollertia
1283 2335 1426 2400 mandat.

631 2436 744 2502 Tertia
767 2438 824 2502 lux
847 2438 972 2524 refugis
996 2437 1192 2526 Hyperiona
1213 2439 1342 2504 fuderat
1364 2436 1479 2514 astris;

584 2547 784 2606 concurrunt
807 2563 971 2627 proceres,
995 2564 1034 2606 ac
1057 2543 1162 2608 milite
1187 2544 1381 2608 circumfuso

583 2668 705 2731 aggere
729 2646 910 2734 composito
935 2653 1084 2711 statuunt
1107 2669 1145 2712 ac
1169 2653 1282 2734 torque
1307 2655 1465 2713 coronant

583 2752 744 2816 castrensi
767 2757 928 2817 maestum
952 2752 1140 2838 donantque
1165 2752 1307 2837 insignia
1331 2753 1440 2838 regni;

514 2894 533 2908 ·.
582 2856 647 2920 iam
672 2855 761 2941 prius
783 2855 936 2920 induerat
958 2856 1046 2920 solas
1069 2856 1109 2922 de
1133 2857 1282 2942 principe
1305 2878 1409 2922 cures.

585 2957 672 3023 haud
696 2958 760 3024 alio
784 2957 947 3045 quondam
972 2962 1063 3025 vultu
1087 2960 1279 3046 Tirynthius
1303 2962 1400 3026 heros

583 3062 729 3150 pondera
752 3065 896 3150 suscepit
919 3064 1001 3129 caeli
1026 3065 1244 3150 simulatque
1267 3086 1437 3144 novercae,

583 3190 655 3232 cum
678 3166 804 3251 Libyca
826 3189 860 3231 so
883 3190 963 3256 rupe
987 3170 1080 3254 gigas
1105 3169 1304 3234 subduceret
1328 3174 1458 3234 etcum

558 3305 559 3308 ¹
584 3273 685 3337 tutior
707 3271 874 3337 Herculeo
899 3273 1044 3338 sedisset
1067 3275 1218 3339 maehina
1242 3273 1350 3338 dorso.

632 3376 729 3441 Hunc
753 3376 823 3456 tibi,
847 3377 961 3458 Roma,
985 3377 1071 3459 dedi,
1096 3377 1216 3464 patulis
1239 3378 1315 3442 dum
1341 3378 1450 3443 Gallia
1474 3377 1598 3463 eampis

584 3484 711 3547 intonat
733 3481 920 3566 Augustum
945 3483 1063 3568 plausu
1086 3483 1295 3568 faustumque
1319 3484 1482 3569 fragorem

583 3593 691 3672 portat
712 3587 746 3650 in
766 3607 968 3671 exsanguem
991 3585 1117 3651 Boreas
1141 3588 1206 3651 iam
1229 3587 1344 3651 tortior
1367 3587 1536 3652 Austrum.

584 3691 636 3755 hic
659 3689 720 3754 tibi
744 3690 897 3754 restituet
919 3689 1048 3775 Libyen
1071 3711 1131 3776 per
1153 3690 1283 3755 vincula
1305 3695 1430 3775 quarta,

584 3800 618 3859 et
641 3793 732 3858 cuius
756 3793 860 3858 solum
884 3795 1022 3859 amissos
1048 3802 1124 3881 post
1147 3794 1279 3859 saecula
1301 3794 1404 3858 multa

514 3939 518 3950 ·
583 3899 772 3963 Pannoniae
795 3899 963 3962 revocavit
987 3899 1057 3980 iter,
1087 3898 1151 3963 iam
1181 3897 1314 3964 credere
1345 3903 1531 3984 promptum
1555 3902 1617 3977 est,

585 4003 662 4090 quid
684 4003 784 4068 faeiat
806 4001 912 4068 bellis.
958 4025 976 4067 o
1000 4024 1080 4088 quas
1106 4002 1164 4067 tibi
1189 4024 1289 4089 saepe
1311 4002 1437 4086 iugabit

585 4107 717 4172 inflictis
741 4113 858 4192 gentes
883 4108 1011 4193 aquilis,
1034 4108 1088 4193 qui
1111 4108 1256 4172 maxima
1279 4107 1371 4192 regni

588 4211 696 4275 omina
720 4211 866 4296 privatus
889 4211 982 4296 fugit,
1006 4230 1078 4274 cum
1103 4210 1186 4274 forte
1209 4210 1310 4274 vionti

586 4319 759 4378 excuteret
783 4334 923 4400 praepes
947 4313 1116 4400 plebeium
1141 4318 1249 4378 motus
1273 4314 1441 4379 amictum!

530 4433 535 4452 ‘
586 4418 702 4483 laetior
725 4422 759 4481 at
783 4416 990 4483 teutomodo
1014 4418 1172 4505 principe,
1196 4418 1302 4504 prisca
1325 4416 1471 4498 deorum,

585 4521 700 4602 Roma,
724 4543 852 4607 parens,
876 4523 991 4588 attolle
1015 4543 1119 4608 genas
1141 4543 1180 4586 ae
1204 4528 1299 4607 turpe
1323 4528 1493 4587 veternum

586 4625 730 4711 depone;
754 4648 795 4690 en
818 4625 972 4713 princeps
995 4627 1096 4690 faciet
1118 4627 1331 4690 iuvenescere
1355 4626 1466 4706 maior,

587 4751 683 4816 quam
707 4730 801 4816 pueri
824 4730 932 4795 fecere
956 4729 1101 4796 senem.'’
1147 4730 1245 4795 finem
1268 4734 1362 4815 pater
1385 4750 1442 4795 ore

587 4835 641 4898 vix
664 4834 814 4900 dederet:
838 4835 991 4921 plausere
1015 4833 1068 4900 dei
1090 4834 1304 4919 fremitusque
1329 4835 1472 4898 cucurrit

322 5148 374 5203 558
395 5168 449 5202 nun
468 5149 498 5200 F
623 5147 675 5200 560
697 5167 730 5200 ne
751 5150 840 5215 solym
865 5165 913 5200 nec
931 5149 1021 5209 ccdd.,·
1043 5166 1096 5200 neu
1115 5148 1167 5199 Leo
1297 5145 1347 5199 561
1374 5165 1501 5216 regnones
1525 5167 1552 5202 se
1571 5149 1605 5200 M
1609 5150 1626 5214 ¹,
1650 5168 1730 5217 reguo
1754 5167 1810 5203 esse
1829 5151 1862 5201 M
1866 5151 1876 5182 ²

219 5235 382 5288 brenincaF
476 5233 527 5289 569
545 5236 703 5302 rempublica
715 5235 746 5286 M
844 5233 896 5286 563
915 5252 974 5287 oum
993 5235 1149 5288 illoscratM
1247 5234 1298 5287 566
1315 5253 1400 5288 assere
1419 5235 1536 5303 demptos
1550 5235 1584 5286 M
1678 5235 1728 5289 567
1747 5238 1817 5289 tibus
1830 5237 1863 5288 M
1866 5247 1880 5275 Ι

219 5320 270 5374 579
287 5323 371 5374 uisrni
389 5319 434 5388 M]
459 5323 552 5373 thierni
572 5321 625 5386 OT,
646 5323 722 5374 tisrni
740 5321 777 5382 Ε·
803 5323 898 5388 Ugerni
918 5323 1073 5374 Sirmcndaa
1159 5331 1229 5389 porte
1251 5323 1354 5388 locopta
1371 5321 1403 5372 M
1526 5320 1578 5376 574
1601 5324 1692 5375 infelix
1710 5323 1741 5374 M
1748 5324 1756 5355 ¹
1782 5331 1811 5375 ut
1827 5325 1878 5378 nid.

219 5405 270 5460 576
287 5410 412 5476 yperiana
429 5409 476 5472 Ta,
493 5410 617 5476 yper-iona
635 5407 730 5471 Thes}
747 5410 839 5475 ypious
854 5409 888 5458 M
938 5412 1040 5476 fugerat
1053 5409 1082 5460 F
1169 5405 1221 5458 579
1238 5405 1394 5475 donantque]
1416 5426 1527 5476 namque
1538 5410 1569 5460 M
1659 5407 1711 5462 580
1728 5429 1787 5464 nam
1801 5409 1880 5462 Morr

218 5493 271 5546 563
289 5503 344 5547 tum
361 5495 390 5548 F
463 5497 556 5564 gigans
575 5496 621 5548 ΟΡ
731 5494 783 5547 585
804 5497 873 5562 galla
892 5496 941 5546 M·
1052 5495 1103 5548 586
1126 5502 1224 5546 attonat
1240 5493 1275 5544 M
1349 5495 1431 5562 plauti
1456 5495 1491 5545 T¹
1605 5494 1657 5548 588
1675 5499 1775 5564 Libyen
1792 5500 1880 5564 eulpa·

220 5582 306 5634 libiam
319 5581 352 5631 M
355 5581 405 5645 Te,
423 5583 518 5648 lybiam
532 5581 561 5633 F
643 5581 695 5634 589
713 5579 802 5648 multa]
815 5589 888 5634 tanta
901 5582 934 5631 M
937 5591 950 5619 ⁸
1037 5580 1088 5632 592
1105 5579 1158 5648 qui]
1172 5599 1236 5648 quas
1249 5581 1283 5630 M
1366 5579 1419 5633 593
1431 5584 1516 5634 omnis
1529 5583 1610 5635 MOF
1658 5584 1880 5639 fuditMommeen

219 5665 270 5722 894
288 5669 384 5720 amictu
402 5669 436 5718 M
536 5667 588 5721 885
606 5677 684 5720 iuuat
700 5669 735 5721 0¹
807 5669 897 5734 (tenu
917 5669 972 5734 0⁵),
992 5674 1065 5721 tantil
1085 5669 1119 5719 M
1220 5665 1271 5722 597
1290 5675 1315 5722 el
1333 5667 1367 5722 M
1468 5667 1519 5724 598
1538 5671 1606 5726 fisso
1628 5669 1662 5724 0¹

324 5804 451 5860 Smosrus.
650 5835 651 5838 ¹
1639 5807 1674 5863 28
