4612 6428
861 405 1213 474 axau-xxsaa
1798 411 1860 476 295

213 583 392 656 naturas,
430 585 472 642 ut
506 586 596 642 sunt
629 581 787 664 angeli,
826 582 1054 668 archangeli
1089 589 1329 666 ceteraeque
1364 581 1549 662 virtutes,
1587 581 1671 668 ipsa
1704 603 1860 668 quoque
1917 569 2001 642 GM

211 681 340 764 anima
363 688 499 746 nostra
521 685 588 747 vel
611 690 716 748 certe
742 705 807 749 aer
837 686 918 752 iste
951 686 1148 768 subtilis,
1180 694 1305 752 tamen
1337 688 1591 776 incorporeae
1622 689 1862 756 nullatenus

213 785 481 851 aestimandae
513 793 615 854 sunt.
662 787 810 853 habent
841 789 941 854 enirn
972 790 1192 855 secundum
1222 812 1265 856 se
1301 813 1461 878 corpus,
1496 814 1572 878 quo
1607 792 1861 866 subsistunt,

213 887 311 954 licet
347 891 472 953 multo
510 897 549 955 et
585 891 952 978 incomparabiliter
990 895 1162 975 tenuius,
1202 915 1318 979 quam
1356 902 1499 960 nostra
1537 902 1637 960 sunt
1674 917 1861 982 corpora,

174 1007 185 1042 ³·
213 992 422 1058 secundum
453 995 619 1081 apostoli
651 998 888 1062 sententiam
920 997 1118 1063 dicentis:
1152 1005 1193 1063 et
1221 1020 1385 1085 corpora
1416 998 1609 1064 caelestia
1637 1006 1676 1064 et
1699 1021 1865 1086 corpora

213 1099 430 1164 terrestria.
476 1099 630 1184 quibus
652 1121 725 1186 pro
748 1101 958 1166 manifesto
984 1102 1201 1187 colligitur,
1231 1102 1338 1166 nihil
1363 1124 1457 1169 esse
1488 1104 1756 1190 incorporeum
1786 1104 1909 1169 nisi3t

214 1202 337 1266 solum
371 1203 482 1268 deum
525 1211 565 1269 et
606 1203 768 1269 idcirco
803 1205 887 1292 ipsi
928 1208 1193 1271 tantummodo
1232 1228 1356 1294 posse
1398 1206 1692 1294 penetrabiles
1726 1229 1865 1274 omncs

213 1309 328 1390 atque
359 1306 664 1372 intellectuales
695 1329 790 1373 esse
821 1309 1096 1376 substantias.
1141 1333 1223 1396 quac
1253 1333 1326 1376 cum
1356 1313 1402 1376 its
1425 1312 1504 1391 sint,
1537 1311 1639 1377 obicis
1662 1313 1757 1393 mihi,
1788 1312 1916 1378 116631

213 1409 355 1474 animam
377 1431 442 1475 nou
465 1433 539 1476 esse
563 1432 764 1496 corpoream,
797 1413 887 1497 quis,
917 1421 953 1477 ut
981 1413 1102 1478 dictum
1132 1421 1199 1493 est,
1231 1435 1291 1479 neo
1319 1416 1432 1479 localis
1463 1414 1504 1478 sit
1533 1435 1594 1480 uec
1622 1415 1779 1500 qualitate
1808 1423 1866 1481 661

163 1525 187 1562 ¹⁰
214 1513 397 1597 quantitate
432 1513 599 1578 subsistat.
651 1514 735 1599 quod
765 1517 855 1579 cuius
884 1518 1019 1602 periculi
1048 1518 1092 1581 sit
1121 1519 1166 1581 ita
1195 1519 1329 1584 credere
1359 1520 1391 1583 in
1422 1519 1698 1604 subsequentibus
1731 1519 1864 1585 demon·
1875 1523 1916 1584 33

216 1617 388 1694 strabitur;
412 1641 496 1683 nune
520 1640 597 1684 vero
622 1620 653 1683 in
678 1618 737 1683 hoc
761 1627 920 1687 tractatus
944 1623 1043 1686 nostri
1067 1629 1181 1703 status,
1205 1622 1316 1687 habita
1339 1622 1553 1705 discussione,
1580 1621 1745 1708 pendebit,
1768 1629 1813 1700 ut,
1838 1623 1865 1688 si

214 1742 274 1786 nec
298 1722 408 1786 localis
433 1722 475 1785 sit
497 1743 557 1786 nec
581 1723 753 1808 quantitati
776 1724 955 1798 subiaceat,
978 1745 1051 1789 esse
1075 1745 1149 1790 eam
1171 1725 1258 1790 haud
1276 1726 1374 1791 dubie
1391 1727 1613 1812 incorpoream
1631 1725 1863 1802 concedamus;

215 1826 241 1888 ai
269 1846 346 1891 vero
376 1847 448 1892 cam
477 1825 810 1892 demonstraverimus
843 1830 1026 1913 quantitate
1051 1829 1259 1894 determinari
1288 1831 1400 1895 locove
1432 1830 1596 1908 concludi,
1627 1836 1865 1914 consequenter

214 1951 287 1994 earn
311 1931 409 1994 etiam
434 1951 568 2016 corpore
591 1932 763 2010 contineri,
796 1953 856 1996 neo
886 1933 958 2019 ipse
980 1933 1045 1998 iam
1067 1934 1209 2000 dubites.
1255 1935 1417 2021 quomodo
1447 1956 1511 1999 non
1541 1934 1654 1998 localis
1683 1941 1751 2012 est,
1781 1936 1916 2018 quae3t

96 2045 99 2054 '
163 2047 186 2084 1³
213 2033 339 2098 inserts
360 2033 515 2101 membris
538 2044 572 2100 et
593 2037 730 2120 inligata
746 2036 927 2101 visceribus
948 2038 1026 2102 solis
1049 2037 1190 2102 motibus
1209 2060 1292 2124 vaga
1309 2038 1498 2102 condicione
1516 2037 1718 2103 substantiae
1736 2043 1866 2102 tenetur

215 2137 362 2202 16616661
401 2138 535 2225 quodsi
559 2140 696 2204 localem
721 2161 785 2204 nan
809 2161 883 2205 esse
907 2142 1059 2214 animam,
1082 2141 1155 2205 ideo
1179 2142 1391 2207 asserendum
1415 2149 1522 2230 putes,
1546 2141 1632 2227 quod
1653 2163 1712 2228 per
1735 2141 1915 2204 diversa35

215 2242 366 2306 sensibus
390 2250 547 2330 evagetur
569 2251 602 2308 et
630 2244 885 2330 cogitationibus
914 2244 1093 2324 differatur,
1123 2246 1261 2332 primum
1286 2244 1542 2330 intellegendum
1567 2251 1631 2324 est,
1662 2244 1747 2330 quod
1777 2242 1863 2308 aliud

214 2346 257 2410 sit
271 2347 398 2410 animae
414 2353 528 2426 status,
552 2347 639 2412 aliud
655 2348 683 2412 is
701 2348 756 2433 qui
772 2345 813 2411 de
830 2348 940 2412 anima
959 2349 1104 2413 nascitur
1127 2349 1334 2433 cogitationis
1358 2349 1505 2414 affectus.
1541 2370 1638 2434 quam
1655 2349 1696 2413 ob
1713 2369 1781 2414 rem
1805 2352 1862 2412 aut

215 2449 277 2515 hoc
299 2451 409 2536 potius
433 2451 669 2516 aestimandum
693 2457 753 2531 est,
785 2451 881 2536 quod,
906 2452 933 2516 si
957 2451 1085 2538 quando
1110 2452 1172 2516 sibi
1196 2452 1317 2536 aliquid
1340 2452 1547 2537 imaginatur,
1570 2453 1673 2538 magis
1698 2472 1772 2516 cum
1795 2451 1862 2514 suis

160 2565 186 2603 ‘2⁰
212 2553 298 2618 intra
321 2560 426 2619 semet
450 2556 552 2640 ipsam
577 2555 718 2619 motibus
743 2561 932 2640 occupetur,
956 2561 989 2619 et
1005 2556 1032 2619 si
1048 2555 1126 2640 quid
1142 2555 1229 2620 aliud
1246 2561 1307 2638 661,
1331 2555 1417 2642 quod
1433 2556 1580 2642 aspicere
1598 2554 1733 2633 videtur,
1757 2554 1862 2640 magis

215 2659 245 2722 ci
268 2659 300 2722 in
325 2657 556 2724 recordationis
580 2659 713 2747 speculo
742 2659 956 2724 describatur.
1003 2681 1078 2724 nam
1107 2660 1235 2743 quando
1265 2660 1436 2724 absentem
1466 2680 1576 2723 carum
1608 2680 1700 2723 suum
1732 2659 1864 2743 cogitat,
1876 2662 1916 2723 36

214 2763 369 2849 numquid
392 2764 467 2844 iam,
495 2765 584 2828 velut
614 2763 685 2848 ipso
716 2772 905 2849 conspecto,
934 2762 1107 2828 desideriis
1131 2763 1312 2828 satisfecit?
1359 2771 1414 2828 aut
1438 2785 1509 2827 cum
1533 2763 1623 2826 verbi
1646 2763 1754 2847 gratia
1777 2762 1865 2827 Petri

215 2873 271 2932 aut
287 2867 382 2932 Pauli
406 2869 550 2956 speciem
575 2869 660 2932 intra
682 2867 802 2932 mentis
826 2888 945 2931 arcana
966 2866 1125 2954 depingit,
1150 2866 1306 2952 numquid
1323 2867 1433 2931 statim
1450 2867 1581 2932 intimas
1598 2864 1741 2952 paradisi
1758 2865 1863 2938 sedes,

215 2970 272 3036 ubi
303 2992 360 3036 eos
390 2993 464 3037 esse
495 2972 660 3052 novimus,
692 2971 897 3058 penetravit?
943 2977 1000 3034 aut
1028 2991 1101 3034 cum
1135 2971 1196 3035 sibi
1226 2971 1259 3035 in
1289 2972 1386 3036 corde
1410 2972 1518 3036 divitis
1542 2972 1628 3035 illius
1653 2971 1798 3036 flammas
1822 2992 1866 3036 ex

162 3087 187 3126 ‘2⁵
214 3075 356 3140 lectione
380 3076 558 3163 proposuit,
583 3074 738 3160 numquid
762 3075 826 3139 iam
852 3072 892 3138 ad
916 3079 1153 3140 tormentorum
1178 3075 1247 3139 eius
1270 3077 1342 3139 loca
1358 3097 1396 3139 ac
1412 3075 1495 3138 vivis
1512 3074 1754 3140 inaccessibilia
1769 3074 1865 3139 inferi

215 3179 376 3266 profunda
402 3178 593 3244 deseendit?
638 3179 720 3243 haec
754 3179 857 3242 omnia
889 3179 1002 3265 procul
1031 3178 1130 3244 dubio
1161 3186 1218 3244 aut
1249 3201 1361 3245 secum
1390 3181 1475 3245 intra
1497 3179 1641 3264 pectoris
1664 3199 1785 3243 arcana
1807 3181 1916 3265 perdi

215 3283 322 3347 varias
346 3283 575 3348 similitudines
599 3283 693 3368 fingit
715 3289 772 3346 aut
795 3289 895 3359 certe,
920 3283 948 3346 ai
971 3291 1065 3348 extra
1088 3284 1216 3349 animae
1240 3283 1352 3348 sedem
1377 3282 1539 3347 instabilis
1564 3283 1720 3368 cogitatio
1741 3281 1865 3347 lubrico

215 3391 306 3450 motu
341 3388 465 3471 agitata
500 3387 667 3464 discurrit,
702 3385 763 3450 hoc
797 3386 895 3473 ipsud
924 3386 1071 3451 localiter
1104 3389 1187 3472 agit,
1222 3396 1254 3450 et
1282 3389 1350 3452 sive
1381 3386 1495 3452 urbem
1526 3388 1594 3451 sive
1625 3407 1862 3473 quamcumque

215 3489 382 3576 regionem
407 3493 539 3576 cogitet,
564 3492 609 3556 ibi
634 3497 758 3554 tantum
776 3511 875 3554 sensu
891 3496 1112 3555 commorante
1128 3490 1291 3576 defigitur,
1315 3512 1378 3576 quo
1396 3491 1494 3554 animi
1510 3490 1691 3556 intentione
1708 3497 1865 3577 raptatur.

163 3606 189 3644 ³⁰
214 3593 387 3678 imaginari
417 3594 479 3658 sibi
510 3595 620 3680 aliqua
648 3599 773 3681 potest,
808 3595 981 3681 complecti
1016 3595 1126 3659 omnia
1155 3595 1250 3659 simul
1282 3615 1347 3660 non
1376 3600 1496 3681 potest.
1546 3616 1618 3660 cum
1649 3615 1728 3679 ergo
1758 3595 1917 3659 auima38

215 3695 450 3761 Alexandriam
467 3698 519 3763 vel
534 3698 798 3784 Hierosolymam
815 3699 984 3783 cogitavit,
1009 3699 1127 3764 sivero
1151 3698 1217 3763 illic
1240 3705 1310 3763 tota
1332 3699 1382 3763 sui
1405 3699 1605 3786 praesentia,
1629 3705 1664 3762 ut
1686 3699 1865 3777 arbitraris,

216 3800 380 3876 interfuit,
411 3802 534 3868 referat
555 3803 649 3867 nobis
678 3803 759 3867 situs
789 3803 950 3882 locorum,
979 3803 1089 3866 vultus
1118 3802 1299 3883 hominum,
1333 3809 1441 3868 motus
1473 3810 1629 3888 actusque
1660 3803 1864 3889 populorum.

317 4025 374 4080 51.
392 4026 452 4082 Cor.
472 4027 531 4090 XV,
549 4029 591 4082 40.
679 4026 714 4081 11
733 4025 797 4080 Luc.
816 4024 889 4090 XVI,
907 4026 950 4079 22.

318 4163 431 4235 266116]
450 4169 577 4220 6661160
680 4165 899 4220 dexistimsndae
916 4165 950 4216 M
1044 4168 1189 4219 habent-
1208 4166 1225 4218 4
1247 4175 1309 4220 6661
1331 4166 1447 4238 corpora]
1473 4169 1559 4218 attulit
1578 4169 1615 4220 01.
1633 4167 1776 4220 Mamertus
1794 4169 1818 4231 I,
1837 4173 1867 4220 16

219 4253 270 4316 (ed.
288 4252 458 4320 Fmpeldreclrt
476 4273 503 4320 p.
520 4254 561 4320 61)
637 4255 778 4306 subsistant
795 4253 829 4302 M
939 4251 957 4303 4
979 4261 1006 4306 et
1029 4251 1270 4320 incomparabiliter]
1294 4271 1343 4305 om.
1363 4255 1503 4306 Gassiauus
1582 4256 1655 4306 16661
1677 4253 1707 4318 (6
1724 4273 1743 4306 6.
1763 4253 1792 4318 l.)
1811 4273 1823 4306 s
1844 4256 1867 4306 G

217 4337 234 4388 5
254 4340 368 4391 dieentes
388 4341 411 4390 G
523 4341 576 4407 bp
597 4342 620 4390 (ι’
732 4341 747 4392 'l
770 4336 830 4391 omr'r
851 4339 882 4402 G,
904 4340 1050 4406 spirituales
1073 4339 1135 4390 mid.
1158 4341 1297 4391 Cassianus
1411 4340 1428 4390 8
1451 4339 1538 4407 atque]
1560 4359 1609 4392 cm.
1628 4341 1661 4391 M
1735 4342 1815 4393 obicis
1833 4369 1865 4377 —

219 4424 252 4478 14
274 4425 384 4493 dubites]
408 4428 493 4478 attulit
515 4427 799 4488 trummacum
821 4425 871 4490 (ed
888 4425 1058 4492 Errpetbrecbt
1077 4444 1104 4492 p.
1121 4425 1163 4489 61)
1277 4425 1310 4478 10
1327 4429 1430 4479 credere
1448 4455 1482 4463 -
1501 4427 1532 4478 11
1552 4424 1625 4494 uero]
1646 4445 1694 4478 661.
1716 4429 1740 4479 G
1808 4445 1866 4479 eon-

217 4514 384 4579 ssquentibus
409 4515 446 4565 01.
464 4514 607 4565 Mamertus
625 4515 642 4564 1.
662 4514 679 4564 1.
780 4508 1006 4578 demonstrabitur]
1032 4512 1219 4564 demonstratur
1248 4511 1322 4563 codd.
1340 4512 1425 4563 Paris.
1448 4516 1604 4576 6616340,
1630 4515 1707 4576 1779,
1730 4513 1865 4578 17611169.

217 4617 258 4650 ar.
274 4604 323 4650 201
341 4599 380 4663 M,
404 4601 633 4652 demonstrabimus
654 4599 690 4652 01.
705 4600 849 4650 Mamertus
866 4599 884 4649 1.
903 4599 920 4648 l.
1043 4595 1074 4648 11
1092 4605 1216 4650 tractatus
1234 4598 1355 4662 (11661616
1373 4596 1468 4665 1166)]
1487 4598 1526 4661 M,
1543 4605 1626 4650 status
1642 4599 1665 4649 G
1733 4595 1824 4664 616166]
1837 4598 1871 4648 M

219 4685 265 4752 (61.
285 4683 379 4752 statu),
405 4705 453 4737 om.
472 4687 495 4737 G
513 4695 536 4739 et
553 4687 607 4738 cod
626 4686 697 4752 Lips.
715 4686 749 4737 M
884 4681 918 4736 12
941 4685 1084 4750 quantitate
1105 4684 1128 4735 G
1230 4694 1276 4736 661
1301 4685 1379 4736 dubie
1399 4685 1435 4748 G,
1460 4685 1565 4736 indubie
1592 4686 1629 4736 01.
1647 4684 1790 4736 Mamertus
1812 4685 1829 4736 1.
1849 4686 1866 4735 t.

220 4773 252 4825 13
270 4775 442 4825 demonstrare
459 4774 553 4826 eamG
656 4770 689 4822 14
706 4772 806 4839 corpori
821 4771 860 4822 0ι
930 4768 1865 4837 66616616-161661666]66611101,Μ66166·66111,14(61116961-

216 4860 303 4912 brecbt
318 4859 413 4926 6181)
507 4857 539 4909 17
557 4860 686 4910 deleratur
701 4859 742 4908 G²
798 4859 868 4909 61161
882 4884 913 4894 -
926 4855 958 4908 11
972 4854 1140 4924 describatur]
1159 4859 1243 4908 6116111
1257 4859 1293 4909 01.
1306 4858 1450 4909 Mamertus
1462 4858 1531 4921 J,24
1545 4857 1866 4924 (eutrapetus-aupes)

220 4946 252 4999 18
269 4945 313 5013 sit]
331 4955 370 4998 est
389 4948 425 4998 Gl.
439 4947 583 4998 Mamertus
643 4946 721 4996 hisG
780 4942 835 5010 aut]
855 4962 904 4995 om.
917 4943 951 4993 M
1045 4941 1077 4994 19
1094 4945 1293 4996 existimandum
1306 4942 1341 4993 M
1354 4944 1541 5009 (extlmsudum
1560 4943 1642 5010 Dipo.)
1742 4941 1777 4994 10
1793 4961 1867 4994 occu·

219 5043 294 5101 petar
306 5035 336 5085 M
399 5030 479 5100 alind]
499 5031 602 5084 illudG
699 5029 731 5081 11
751 5030 785 5099 61]
804 5051 851 5084 aas.
866 5032 899 5082 M
960 5033 1119 5084 cordatiores
1134 5032 1183 5095 0¹,
1199 5035 1352 5085 cordationis
1367 5033 1406 5084 0ι
1467 5033 1657 5084 discribeturG
1719 5031 1821 5097 quando
1834 5058 1865 5067 -

218 5119 253 5172 11
276 5118 408 5187 6611616611]
431 5121 517 5170 attulit
536 5119 572 5170 01.
592 5119 735 5170 Mamertus
753 5118 777 5183 Ι,
794 5123 826 5172 15
845 5117 894 5184 (red
913 5117 1181 5185 116961166611617)
1303 5117 1337 5170 12
1360 5117 1421 5185 iam]
1445 5135 1493 5169 om.
1512 5118 1545 5167 M
1563 5125 1586 5168 et
1606 5117 1643 5168 01.
1657 5116 1799 5168 Mamertus
1817 5118 1834 5167 1.
1849 5118 1867 5168 l.

218 5216 355 5276 conspectu
372 5208 394 5259 G
412 5215 435 5259 et
452 5207 506 5258 scd.
521 5205 591 5272 Lips.
606 5206 639 5256 M
705 5203 846 5272 desideriis]
861 5207 898 5258 Gt.
911 5205 1055 5256 Mamertus
1069 5206 1086 5256 1.
1100 5206 1127 5269 1.,
1145 5206 1262 5257 desiderii
1277 5207 1308 5268 G,
1325 5207 1450 5258 desiderio
1463 5205 1496 5255 M
1563 5221 1622 5256 enm
1636 5201 1866 5270 -26dsscendit]

218 5295 302 5345 6116111
327 5295 364 5346 01.
382 5295 525 5346 Mamertus
543 5293 606 5356 ΙΙΙ,
625 5296 655 5344 13
677 5291 726 5356 (ed.
746 5292 916 5359 anelbrscbt
927 5310 957 5359 p.
971 5289 1031 5356 118)
1154 5289 1190 5343 14
1214 5293 1367 5344 nouissimos
1387 5291 1436 5355 0¹,
1459 5291 1579 5342 nouimus
1600 5291 1639 5341 G’
1760 5288 1795 5341 11)
1811 5290 1868 5342 1666

219 5383 292 5432 66166
310 5381 496 5432 inaccessibilia
513 5380 600 5431 inferri
621 5380 644 5430 G
754 5376 788 5430 16
806 5379 931 5430 discendit
951 5378 974 5429 G
1042 5378 1109 5429 inter
1129 5378 1152 5428 G
1255 5375 1289 5429 11
1308 5377 1420 5430 instabili
1441 5378 1464 5429 G
1567 5375 1601 5428 18
1619 5378 1673 5444 agit
1691 5373 1726 5442 et]
1745 5376 1824 5442 agitet
1845 5376 1868 5428 G

218 5465 252 5518 19
269 5475 481 5520 commemorante
500 5467 531 5517 M
642 5464 677 5518 30
698 5463 769 5533 ergo]
792 5482 855 5516 uero
873 5463 907 5513 M
981 5464 1080 5529 anima,
1104 5482 1158 5515 ras.
1176 5465 1277 5530 virgula
1298 5465 1322 5515 G
1398 5465 1484 5516 anima
1501 5492 1533 5500 -
1552 5461 1587 5516 32
1604 5460 1766 5531 populorum]
1785 5464 1869 5514 6116111

221 5555 258 5606 Gl.
272 5555 414 5606 Mamertus
433 5553 492 5618 III,
504 5559 535 5606 16
554 5553 605 5618 (ed.
618 5552 787 5620 Mayelbrecbt
799 5571 828 5618 p.
842 5551 899 5614 172)
1006 5547 1039 5600 31
1057 5551 1257 5615 alemadrinam,
1273 5568 1327 5601 ras.
1340 5549 1396 5602 nG
1465 5551 1666 5616 hyerosolimam
1681 5550 1705 5599 G
1773 5550 1869 5615 cogitat

223 5640 259 5690 01.
273 5639 415 5690 Mamertus
433 5642 451 5690 1.
464 5642 482 5692 1.
540 5641 563 5692 61
581 5637 651 5705 asra]
670 5639 816 5702 61660,61
833 5640 854 5690 si
873 5655 918 5706 per
935 5637 1114 5704 cogitationem
1129 5637 1166 5688 01.
1179 5637 1322 5690 Mamertus
1337 5639 1355 5688 1.
1368 5638 1385 5688 l.
1441 5645 1494 5703 661,
1512 5637 1631 5689 666611
1722 5634 1868 5700 31616166]

219 5727 283 5777 ritus
301 5725 335 5775 M
