4612 6428
1071 405 1207 462 SlDONII
1226 405 1425 462 usaumuu

829 579 965 666 Iamque
990 581 1051 645 iter
1075 580 1116 645 ad
1139 579 1271 646 Thebas
1295 601 1355 667 per
1381 601 1537 667 magnum
1561 582 1667 647 victor
1695 583 1816 668 egebat

729 697 754 735 ⁶⁵
786 705 864 748 aera
887 683 983 749 etad
1007 706 1150 750 summas
1174 692 1326 750 erexerat
1348 686 1440 772 orgia
1462 687 1579 766 nubes,

784 809 857 852 cum
881 788 970 855 videt
993 789 1102 855 Aonia
1123 791 1312 856 venientem
1336 790 1457 857 Delion
1481 812 1569 857 arce.

783 913 904 981 grypas
929 899 963 958 et
986 893 1057 981 ipse
1080 900 1187 959 tenet:
1210 895 1320 959 vultus
1343 895 1395 960 his
1419 896 1532 960 laurea
1556 916 1673 960 curvos

783 995 897 1060 fronde
921 996 1034 1083 lupata
1057 998 1173 1082 ligant;
1197 997 1328 1064 hederis
1351 1019 1480 1084 quoque
1505 999 1736 1085 circumplexis

782 1100 925 1186 pendula
946 1101 1017 1165 lora
1038 1102 1161 1177 virent;
1185 1103 1308 1166 sensim
1330 1102 1402 1167 iera
1425 1103 1576 1168 subvolat
1598 1104 1667 1168 ales

782 1204 890 1268 aerias
913 1211 1085 1291 terraeque
1108 1207 1190 1285 vias,
1215 1227 1255 1272 ne
1279 1206 1362 1272 torte
1386 1208 1486 1272 citato

781 1309 907 1374 alarum
929 1311 1066 1395 strepitu
1090 1310 1235 1396 lignosas
1259 1311 1390 1396 franget
1413 1311 1572 1377 habenas.

782 1418 952 1478 aeternum
977 1415 1060 1479 nitet
1084 1415 1154 1501 ipse
1178 1436 1294 1500 genam
1319 1437 1453 1481 crevere
1478 1416 1642 1502 corymbis

781 1523 931 1604 tempora
954 1525 987 1583 et
1010 1528 1159 1585 auratum
1182 1520 1284 1584 verrit
1306 1541 1399 1585 coma
1422 1522 1577 1587 concolor
1599 1543 1714 1593 exeun

730 1623 736 1632 '
781 1622 992 1708 laevaparte
1016 1630 1109 1689 tenet
1131 1631 1224 1690 vasta
1248 1623 1421 1689 dulcedine
1444 1646 1576 1690 raucam

784 1726 910 1791 caelato
929 1725 1080 1813 Pythone
1104 1728 1217 1813 lyram,
1241 1749 1317 1813 pars
1341 1727 1459 1793 dextre
1482 1728 1620 1813 sagittas

780 1829 926 1895 continet
948 1837 1046 1917 atque
1069 1831 1134 1898 alio
1158 1837 1349 1896 resonantes
1374 1853 1540 1896 murmure
1564 1853 1692 1898 nervos.

780 1933 873 1998 ibant
893 1934 1063 2020 Pipliades
1085 1936 1210 2021 pariter
1233 1935 1441 2022 mediumque
1465 1957 1594 2002 noveno

781 2038 1060 2104 circumsistentes
1083 2039 1280 2104 umbrabant
1302 2047 1447 2125 syrmate
1471 2061 1611 2106 currum.

781 2139 903 2226 pendet
926 2163 985 2227 per
1007 2148 1130 2208 teretes
1154 2143 1301 2229 tripodas
1325 2143 1525 2230 Epidaurius
1549 2145 1664 2230 anguis

780 2245 917 2310 diffusus
940 2253 1088 2311 sanctum
1111 2268 1170 2332 per
1194 2248 1278 2312 colla
1300 2248 1444 2313 salubria
1466 2249 1567 2313 virus.

778 2348 830 2412 hie
855 2355 888 2413 et
911 2350 1081 2414 crinisatas
1104 2351 1261 2436 iungebat
1285 2351 1432 2436 Pegasus
1456 2353 1536 2431 alas,

779 2460 911 2538 portans
934 2452 1120 2539 doctiloquo
1143 2453 1319 2520 facundum
1343 2477 1436 2522 crure
1462 2454 1649 2521 Creontem.

827 2555 872 2620 Vt
895 2577 969 2622 sese
993 2557 1130 2623 iunxere
1154 2558 1254 2638 chori,
1278 2559 1447 2644 consurgit
1471 2565 1609 2644 uterque

779 2659 888 2724 fratris
913 2660 946 2725 in
970 2661 1152 2746 amplexus,
1176 2662 1234 2726 sed
1257 2662 1356 2748 paulo
1382 2662 1516 2747 segnior
1538 2661 1643 2742 Euan,

724 2799 740 2812 ,.
778 2763 854 2827 dum
877 2764 979 2850 pudet
1003 2765 1182 2842 instabiles,
1207 2767 1234 2829 si
1258 2771 1380 2851 surgat,
1405 2765 1544 2850 prodere
1567 2767 1710 2854 plantas.

778 2875 847 2933 tum
870 2867 1037 2934 Phoebus:
1063 2874 1137 2955 ‘quo
1163 2868 1304 2956 pergis'l’
1337 2870 1392 2948 ait,
1417 2875 1505 2934 ‘num
1528 2870 1612 2936 forte
1638 2877 1810 2946 nocentes,

778 2971 919 3054 Bacche,
943 2973 1029 3060 petis
1052 2972 1202 3038 Thebas?
1226 2981 1258 3038 te
1283 2981 1392 3038 cretus
1417 2972 1564 3038 Echione
1588 2995 1706 3060 nempe

778 3074 923 3162 abnegat
938 3097 1010 3140 esse
1026 3075 1134 3142 deum.
1173 3077 1282 3161 linque
1300 3075 1391 3155 haec,
1407 3097 1498 3162 rogo,
1522 3079 1660 3158 moenia,
1684 3078 1808 3163 linque,

778 3186 811 3244 et
834 3201 962 3246 mecum
985 3201 1079 3265 mage
1103 3181 1198 3246 flecte
1223 3186 1321 3246 rotas.
1368 3179 1521 3266 despexit
1545 3180 1662 3266 Agaue

777 3290 809 3348 te
834 3284 941 3349 colere
966 3292 999 3349 et
1022 3291 1151 3349 nosmet
1174 3282 1297 3359 Nioba;
1322 3284 1408 3369 riget
1431 3282 1507 3348 inde
1532 3285 1685 3372 superba,

781 3388 915 3452 vulnera
934 3393 983 3452 tot
1006 3389 1136 3474 patiens
1159 3395 1237 3474 quot
1261 3394 1389 3474 spectat
1413 3388 1549 3453 vulnera
1573 3389 1707 3468 ventris,

778 3497 1012 3580 optantemque
1035 3492 1118 3559 mori
1141 3492 1272 3578 gravius
1297 3493 1472 3557 clementia
1494 3491 1581 3566 fixis

777 3616 914 3681 parcere
939 3616 1039 3682 saepe
1063 3597 1186 3661 malum
1210 3603 1259 3663 est
1282 3616 1483 3682 sensumque
1512 3597 1631 3662 inlerre
1656 3595 1771 3662 dolori.

777 3700 846 3785 ipsa
869 3704 980 3766 autem
1002 3707 1079 3766 nato
1101 3701 1210 3766 occiso
1234 3701 1397 3766 Pentheia
1420 3708 1535 3781 mater,

722 3819 746 3854 ‘⁵
778 3805 918 3891 amplius
941 3811 976 3868 ut
999 3805 1107 3881 furiat,
1132 3805 1288 3890 numquid
1311 3827 1376 3870 non
1400 3826 1481 3870 sana
1504 3805 1613 3871 futura
1637 3813 1708 3870 est?

777 3930 900 3995 ergone
925 3907 1049 3974 Aonios
1073 3910 1176 3974 colles
1200 3909 1347 3975 habitare
1372 3910 1529 3989 valemus,

776 4034 849 4076 cum
871 4013 973 4098 patris
996 4013 1132 4077 extincti
1157 4013 1310 4077 thalamis
1333 4014 1477 4100 potietur
1500 4013 1638 4090 adulter,

776 4117 877 4182 frater
900 4121 1062 4196 natorum,
1086 4117 1229 4183 coniunx
1252 4118 1431 4202 genetricis
1456 4117 1638 4197 habendus,

776 4220 910 4284 vitricus
934 4221 1004 4306 ipse
1029 4227 1125 4285 suus?
1157 4219 1246 4284 cordi
1271 4227 1321 4285 est
1345 4221 1372 4285 si
1397 4221 1534 4306 iungere
1558 4241 1719 4304 gressum,

778 4323 885 4388 dicam
906 4344 971 4409 qua
994 4325 1117 4409 pariter
1140 4323 1254 4389 sedam
1278 4324 1397 4390 tellure
1421 4325 1577 4390 locemus.

821 4427 882 4492 list
905 4429 996 4493 locus
1020 4428 1143 4513 irrigua
1166 4449 1230 4514 qua
1253 4449 1348 4515 rupe,
1372 4427 1540 4493 Garumna
1563 4433 1679 4506 rotate,

775 4540 807 4595 ct
831 4539 865 4595 tu
889 4533 945 4617 qui
968 4531 1067 4596 simili
1090 4531 1229 4596 festinus
1252 4532 1285 4595 in
1310 4552 1454 4616 aequora
1478 4532 1575 4617 lapsu

775 4635 847 4699 exis
871 4641 1016 4715 curvata,
1039 4634 1165 4699 Durani
1190 4656 1353 4715 muscose,
1377 4635 1525 4715 saburra,

721 4823 725 4830 ,
774 4739 839 4801 iam
861 4738 1088 4824 pigrescentes
1113 4739 1234 4802 sensim
1259 4738 1458 4803 confunditis
1481 4759 1607 4803 amnes.

511 5019 546 5072 65
563 5021 595 5071 acl
612 5017 642 5085 s]
661 5021 798 5071 adsumens
816 5017 844 5068 F
948 5015 983 5068 88
1000 5017 1100 5068 heredis
1118 5017 1143 5066 Ρ
1246 5013 1277 5064 ll
1298 5016 1424 5082 lignossas
1443 5014 1467 5065 P
1578 5013 1611 5065 74
1629 5023 1700 5066 casta
1718 5013 1771 5066 Leo
1880 5013 1912 5066 71
1931 5016 2061 5083 Pipliades

409 5108 512 5174 seripaif
529 5105 745 5174 pepliadeacodd.
851 5101 884 5154 98
902 5103 1162 5155 circumsistententes
1175 5102 1200 5151 P
1303 5099 1336 5150 lt
1355 5101 1466 5167 pendent
1480 5101 1518 5152 θ’
1621 5099 1653 5152 81
1673 5102 1734 5153 hinc
1751 5101 1776 5150 T
1875 5100 1908 5152 8⁶2
1927 5103 2064 5154 Crotonem

415 5194 579 5244 Wilamows'ta
599 5193 644 5259 (ιφ.
658 5191 752 5243 Rodert
771 5191 845 5242 Erat.
865 5195 1028 5250 calasl.150,·
1048 5189 1125 5239 schol.
1147 5189 1231 5239 Germ.
1248 5192 1344 5250 90,11,·
1362 5191 1445 5251 raa&
1463 5187 1522 5253 Br.)
1646 5186 1680 5239 83
1698 5189 1800 5241 iunserc
1812 5189 1838 5240 P
1949 5187 1984 5242 84
2002 5191 2068 5242 eeO

409 5297 494 5332 euuan
512 5279 565 5343 oF,
589 5295 664 5330 auam
677 5278 703 5328 P
830 5275 864 5327 86
886 5273 958 5339 uum]
981 5274 1074 5326 nouT
1202 5271 1235 5324 87
1258 5281 1366 5340 penteus
1389 5290 1409 5324 a.
1427 5291 1476 5326 scr.
1492 5273 1529 5325 Ob
1658 5273 1693 5325 88
1716 5276 1778 5326 haec
1799 5276 1904 5343 scriptam
1929 5277 1968 5327 his
1988 5276 2063 5328 codd.

408 5365 441 5417 89
466 5383 566 5418 mecum
589 5382 681 5432 magne
698 5364 731 5428 F,
754 5381 840 5415 mcum
861 5379 910 5430 age
930 5362 968 5414 0⁰
1047 5377 1148 5428 agauue
1168 5359 1213 5411 ΟΡ
1323 5359 1358 5410 90
1384 5361 1449 5412 ucbe
1468 5360 1496 5411 F
1568 5363 1679 5428 superba
1700 5363 1803 5429 scripsif
1828 5365 1967 5430 superbum
1990 5363 2064 5414 cadat

407 5451 439 5503 91
459 5453 536 5504 iactat
555 5452 719 5502 Wilamosoila
809 5451 914 5517 pignora
933 5450 1030 5501 ventris
1047 5449 1122 5514 aalys
1245 5445 1278 5496 99
1302 5448 1367 5498 dixit
1387 5447 1434 5510 T1,
1455 5448 1530 5498 finxit
1549 5447 1587 5498 0⁸
1707 5446 1741 5498 93
1763 5465 1925 5516 somnumque
1943 5451 2023 5501 insere
2041 5448 2067 5499 P

407 5539 501 5590 doloris
514 5538 655 5589 Buecheler
749 5535 784 5588 94
801 5545 879 5604 gnato
891 5536 933 5587 1³³
1024 5533 1058 5586 95
1077 5533 1211 5586 furiantF
1264 5535 1378 5600 nonqnid
1393 5534 1442 5584 ΤΡ
1529 5532 1562 5584 97
1582 5535 1724 5586 extintiP⁸
1816 5534 1850 5585 99
1868 5538 1990 5588 aielricus
2001 5535 2068 5587 0OE
2149 5539 2150 5546 ’

408 5625 454 5676 101
476 5625 499 5676 .i.
518 5625 586 5675 acria
605 5641 661 5691 arcp.
680 5625 776 5691 irrigua
796 5621 833 5674 Ob
902 5622 1061 5690 garonnaO
1127 5629 1214 5673 notate
1233 5619 1261 5670 F
1368 5619 1417 5672 109
1436 5629 1464 5672 tu
1483 5622 1541 5686 quis
1560 5619 1592 5683 F,
1610 5622 1653 5686 qui
1672 5621 1743 5671 taG
1811 5619 1896 5690 lapsu]
1915 5639 1993 5674 cursu
2018 5622 2056 5672 P⁸

409 5710 458 5762 104
477 5713 493 5761 i.
512 5728 535 5778 p.
555 5728 574 5760 s.
594 5727 615 5760 c.
635 5727 723 5761 onrnes
741 5710 774 5772 F,
793 5711 808 5760 i.
828 5727 851 5778 p.
870 5710 1028 5761 confunditis
1047 5709 1165 5774 aequoris
1183 5708 1266 5759 undas
1290 5707 1314 5758 Τ
