4560 6434
429 391 493 454 346
1051 387 1190 443 eumen
1209 386 1469 442 EPISTULARUM

313 558 348 632 G
374 563 394 626 6
427 565 606 646 propterea
634 581 775 628 neccsse
807 582 873 625 non
902 561 965 625 tuit
995 561 1113 626 litteris
1142 561 1290 627 indicari.
1334 567 1481 626 vestrum
1511 567 1564 626 est
1592 560 1759 625 hominem
1786 581 1898 626 rernm
1927 561 2018 626 inste
2048 561 2094 624 ab

427 663 524 730 huius
555 665 737 732 calumniae
767 663 951 730 obiectione
979 665 1174 746 defendere,
1209 686 1307 752 quam
1337 685 1414 730 eum
1444 665 1564 730 iniuste
1594 663 1725 750 scriptis
1756 665 1876 729 nostris
1909 665 2094 751 agnoscitis

429 768 604 836 scutinera.

1218 937 1295 1004 LII.

712 1091 930 1160 RURIOIUS
953 1093 1201 1161 EPISOOPUS
1226 1092 1433 1160 STEEANO
1458 1092 1545 1160 SUO
1571 1092 1794 1160 SALUTEM.
2130 1109 2143 1146 ⁵

376 1237 388 1298 1
533 1209 598 1305 Ira
621 1260 673 1306 me
697 1239 905 1327 paucissimis
929 1239 1046 1306 diebus
1070 1241 1112 1306 ad
1136 1241 1261 1306 cultum
1282 1261 1378 1305 suurn
1401 1240 1508 1327 pietas
1531 1245 1662 1306 vestrae
1686 1241 1872 1306 sanctitatis
1891 1241 2019 1322 inlexit,
2042 1247 2092 1323 ιιι,

425 1364 499 1408 cum
521 1363 582 1408 vos
605 1341 668 1408 deo
691 1343 836 1431 propitio
859 1343 957 1408 corde
981 1343 1149 1410 detineam
1171 1350 1204 1409 et
1226 1344 1328 1410 oculis
1351 1345 1470 1410 mentis
1495 1344 1634 1422 intuear,
1662 1349 1773 1410 tamen
1796 1367 1939 1432 semper,
1967 1346 2093 1410 affectu

327 1457 331 1464 '
424 1447 613 1533 instigante,
635 1449 836 1535 perquiram
860 1449 937 1535 quia
953 1448 1080 1514 scilicet
1095 1456 1132 1514 ut
1147 1450 1248 1514 breve
1262 1441 1393 1513 videtur
1407 1469 1503 1514 omne
1519 1448 1605 1535 quod
1621 1447 1719 1514 dulce
1737 1454 1799 1530 est,
1823 1449 1871 1513 ita
1886 1448 2092 1536 inexplebile

374 1555 394 1616 2
425 1557 477 1618 est
499 1572 597 1617 omne
620 1550 707 1636 quod
731 1573 829 1618 carue
852 1559 913 1619 est.
952 1561 987 1620 et
1009 1554 1226 1642 omnipotenti
1249 1553 1312 1618 deo
1336 1555 1460 1639 gratias
1484 1575 1583 1640 super
1605 1559 1672 1618 tam
1696 1552 1881 1618 admirabili
1906 1552 1994 1618 dono
2019 1553 2093 1618 eius

425 1655 543 1738 refero,
567 1655 654 1743 quod
668 1656 716 1721 ita
731 1657 930 1743 generaliter
945 1660 1048 1724 serris
1072 1661 1140 1724 suis
1166 1659 1311 1724 tribuere
1332 1657 1494 1722 ineffabili
1518 1657 1766 1744 dispensatione
1789 1655 1943 1743 dignatus
1967 1664 2029 1738 est,
2054 1663 2093 1721 ut
2121 1672 2148 1710 1⁰

427 1759 461 1824 hi
492 1760 547 1845 qui
574 1758 784 1846 disparantur
810 1782 943 1848 corpore
971 1761 1089 1828 animis
1116 1764 1333 1849 iungerentur
1362 1782 1469 1848 neque
1501 1767 1591 1827 esset
1620 1761 1743 1847 aliquid
1778 1767 1845 1825 tam
1871 1761 2093 1846 longinquum

426 1868 560 1948 tamque
577 1861 720 1944 difficile,
743 1863 830 1949 quod
847 1866 1008 1931 mentium
1024 1866 1193 1932 obtutibus
1209 1886 1273 1931 non
1289 1864 1449 1945 obviaret,
1473 1863 1533 1930 sed
1548 1884 1608 1951 per
1623 1864 1731 1929 cordis
1746 1865 1901 1929 intuitum
1915 1865 1961 1930 ibi
1979 1885 2016 1929 se
2036 1864 2089 1928 in-

376 1967 394 2028 3
426 1963 532 2030 vicem
554 1964 730 2052 diligentes
754 1969 899 2034 caritatis
923 1969 1201 2056 contemplatione
1225 1969 1471 2056 conspicerent,
1494 1969 1551 2033 ubi
1575 1968 1696 2032 caritas
1719 1969 1794 2055 ipsa
1818 1967 1977 2032 consistit.
2023 1989 2091 2053 quo

426 2067 472 2150 fit,
495 2074 532 2132 ut
553 2067 716 2135 devinctio
732 2077 854 2155 vestra,
878 2093 963 2159 quae
980 2073 1014 2138 in
1030 2074 1213 2139 visceribus
1233 2074 1316 2138 meis
1332 2073 1400 2159 iugi
1416 2071 1651 2154 recordatione,
1675 2070 1752 2136 dum
1768 2070 1886 2136 cotidie
1902 2077 2090 2152 renovatur,

427 2175 576 2257 augetur,
599 2174 719 2238 amoris
740 2176 841 2240 vestri
863 2175 943 2240 mihi
964 2175 1226 2243 vicissitudinem
1249 2176 1456 2263 repromittat
1478 2182 1512 2240 et
1534 2175 1663 2241 animus
1686 2195 1780 2239 meus
1803 2174 1884 2238 milri
1906 2175 2091 2239 animorum
2120 2188 2147 2227 1⁵

427 2281 608 2342 vestrorum
632 2275 806 2344 fideiussor
828 2279 977 2356 assistat,
1007 2279 1084 2344 dum
1107 2286 1234 2344 tantum
1258 2278 1324 2343 sibi
1346 2279 1445 2344 audet
1468 2279 1509 2344 de
1533 2285 1642 2344 vestra
1665 2278 1840 2344 dilectione
1863 2299 2090 2365 praesumere,

376 2380 395 2440 4
428 2385 584 2464 quantum
614 2380 705 2447 vobis
735 2373 937 2469 concupiscit
964 2381 1163 2468 impendere.
1215 2382 1356 2448 salutem
1386 2383 1497 2469 itaque
1526 2381 1726 2448 beatitudini
1755 2387 1885 2448 rescae
1912 2381 2089 2468 plurimam

426 2480 500 2546 dico
523 2488 557 2548 et
580 2503 674 2570 rogo,
703 2485 911 2552 incessanter
933 2487 1098 2551 communi
1120 2485 1251 2552 domino
1278 2485 1483 2572 supplicetis,
1515 2491 1552 2550 ut
1574 2485 1754 2552 seeundum
1778 2484 1907 2550 divitias
1930 2485 2090 2552 bonitatis

428 2605 507 2651 suae
538 2591 637 2672 atque
660 2588 803 2670 virtutis,
833 2589 886 2655 cui
917 2589 1027 2654 omnia
1053 2588 1225 2676 possibilia
1253 2588 1457 2671 confitemur,
1489 2589 1552 2654 etsi
1575 2589 1608 2653 in
1629 2589 1691 2654 hoc
1713 2590 1846 2655 saeculo
1869 2611 1930 2654 nos
1954 2596 2091 2677 propter

426 2690 513 2756 vitae
530 2691 623 2756 istius
638 2692 830 2770 turbedines
847 2715 886 2758 ac
902 2693 1067 2780 procellas
1085 2699 1119 2759 et
1141 2692 1311 2778 regionum
1334 2692 1507 2758 intervalla
1530 2694 1662 2780 saepius
1679 2692 1790 2758 videre
1813 2714 1879 2759 non
1901 2714 2089 2780 possumus,
2120 2708 2148 2748 2⁰

427 2794 479 2858 vel
502 2794 543 2859 ad
565 2795 655 2860 illam
676 2797 809 2877 urbem,
837 2817 938 2884 quae
966 2796 1209 2862 aedificatur
1234 2802 1275 2860 ut
1305 2797 1463 2878 civitas,
1498 2798 1600 2864 saciat
1622 2799 1814 2880 convenire,
1843 2797 2004 2883 adquam
2027 2819 2090 2863 nos

430 2897 649 2964 misericordia
672 2899 794 2966 domini
816 2901 937 2987 poterit
959 2901 1116 2988 perferre,
1139 2921 1198 2964 vos
1220 2901 1347 2966 merita.

1213 3175 1306 3243 LIII.

708 3331 924 3400 RURIOIUS
949 3331 1197 3399 EPISCOPUS
1220 3331 1416 3398 RUSTIOO
1439 3333 1562 3398 FILIO
1587 3331 1810 3397 SALUTEM.

378 3471 390 3530 Ῑ
534 3448 660 3546 Ειιτιιι
683 3480 838 3546 allectum
858 3453 1188 3547 'consuetudinarium
1218 3487 1251 3545 et
1278 3482 1453 3568 probatum
1483 3487 1516 3545 et
1544 3480 1786 3546 humanitatem
1819 3481 1914 3546 nobis
1945 3481 2091 3567 dignaris
2119 3495 2147 3534 2⁵

426 3582 629 3668 impendere,
652 3583 729 3649 dum
749 3583 865 3650 usibus
882 3585 946 3650 tuis
962 3584 1118 3667 detrahis,
1143 3585 1230 3671 quod
1245 3585 1365 3650 nostris
1388 3584 1540 3670 largiaris
1557 3585 1725 3670 expensis3
1749 3585 1835 3671 quia,
1859 3605 1960 3671 puero
1976 3592 2089 3650 vestro

427 3685 602 3767 referente,
631 3689 779 3773 cognovi,
811 3687 896 3774 quod
919 3689 1112 3776 piscationis
1134 3691 1167 3754 in
1182 3689 1304 3755 Visera
1325 3711 1385 3776 pro
1409 3695 1508 3776 parte
1531 3695 1643 3754 vestra
1666 3687 1760 3753 nobie
1783 3689 1926 3754 iusseras
1949 3687 2089 3755 delicias

374 3791 394 3852 2
426 3791 612 3856 ministrari.
657 3791 758 3872 unde,
787 3791 986 3858 salutatione
1010 3791 1171 3879 depensa,
1196 3792 1319 3878 gratias
1344 3814 1406 3877 ago
1430 3792 1601 3878 plurimas,
1626 3813 1768 3858 exorans
1792 3791 1933 3857 divinam
1956 3793 2085 3858 miseri-

427 3893 578 3976 cordiam,
602 3901 639 3960 ut
659 3916 719 3982 pro
739 3894 873 3976 honore,
897 3916 994 3981 quem
1009 3896 1104 3960 nobis
1119 3918 1179 3983 pro
1194 3896 1298 3983 ipsius
1314 3896 1430 3960 timore
1446 3893 1642 3980 dependitis,
1666 3903 1699 3960 et
1717 3897 1940 3982 praesentium
1957 3895 2086 3962 dierum

428 3997 518 4062 vobis
543 3999 688 4063 conferat
711 3999 904 4065 felicitatem
928 4005 961 4065 et
983 3999 1221 4066 beatitudinem
1244 4000 1367 4064 tribuat
1387 4000 1580 4067 futurorum.
2118 4015 2146 4054 ³0

1211 4275 1300 4343 LIV.

751 4428 968 4495 RURIOIUS
993 4429 1269 4496 APRUNOULO
1292 4429 1514 4498 EPISOOPO
1539 4432 1761 4499 SALUTEM.

379 4575 390 4636 1
531 4545 635 4644 Surur
650 4579 777 4642 litteras
797 4577 981 4643 sanctitatis
998 4584 1129 4643 vestrae
1153 4600 1212 4666 per
1228 4577 1333 4643 virum
1347 4577 1572 4643 venerabilem
1590 4576 1743 4664 Elogium
1767 4601 1841 4644 cum
1864 4581 2086 4666 gratulatione

375 4685 395 4747 2
429 4682 575 4768 suscepi,
606 4681 653 4746 ita
676 4681 750 4762 bas,
782 4680 898 4747 eodem
922 4682 1097 4762 redeunte,
1120 4681 1261 4748 libenter
1284 4681 1389 4748 emisi.
1435 4683 1554 4768 quibus
1577 4684 1779 4769 apostolatui
1803 4691 1912 4750 vestro
1936 4683 2085 4749 debitum

503 4813 838 4820 ...-.....--..—·--.....-.-·

530 4889 563 4944 21
583 4889 626 4944 Pa.
645 4887 741 4954 CXXI,
759 4888 784 4943 3.

531 5011 546 5064 1
558 5013 640 5064 iustae
651 5008 678 5064 G
763 5009 780 5062 2
799 5028 850 5078 qua
861 5027 948 5064 meum
961 5005 1107 5061 iniustaeG
1193 5006 1211 5060 4
1229 5010 1348 5076 totusers
1361 5009 1471 5076 spicula
1483 5028 1514 5063 eu
1525 5012 1585 5064 aliis
1597 5013 1726 5079 emcriptc
1737 5021 1774 5064 est
1860 5013 1876 5065 6
1893 5015 1929 5065 ita
1939 5029 1972 5048 —·-
1983 5011 2085 5080 diebus]

426 5101 460 5166 cs.
473 5115 511 5165 op.
525 5097 602 5162 119,
618 5115 701 5165 supra
713 5115 742 5165 p.
754 5101 810 5160 317,
828 5098 892 5149 132
989 5093 1006 5147 8
1024 5095 1123 5148 scilicet
1141 5092 1180 5162 ut]
1194 5095 1345 5160 Mousmsen,
1362 5092 1501 5148 scilicetG
1600 5095 1616 5148 9
1634 5096 1721 5165 carna]
1736 5096 1770 5164 G,
1786 5117 1875 5152 carurn
1887 5101 1951 5152 cossi.
1966 5100 2087 5152 Guuiss'us

427 5193 497 5238 st-
513 5181 544 5235 13
557 5181 682 5250 consistit]
700 5201 731 5236 sc
743 5201 781 5250 cp.
797 5183 838 5246 ΙΙ,
850 5187 882 5235 10
894 5181 1016 5234 Ruricius
1034 5181 1169 5248 exculpsit
1271 5179 1305 5232 10
1322 5180 1415 5250 refero]
1433 5199 1465 5234 aa·
1476 5199 1514 5250 ep.
1529 5184 1571 5248 ΙΙ,
1584 5189 1615 5236 10
1629 5187 1752 5252 supplevi,
1769 5204 1818 5238 om.
1833 5183 1859 5238 G
1958 5184 1989 5236 11
2009 5187 2046 5237 hii
2060 5182 2086 5236 G

428 5269 461 5323 12
479 5268 593 5338 tamque]
612 5289 660 5322 om·
675 5268 701 5321 G
771 5267 833 5336 non]
850 5287 881 5322 ec
899 5286 937 5335 ep.
952 5266 995 5333 ΙΙ,
1009 5273 1041 5320 10
1058 5267 1181 5335 supplevi,
1199 5285 1247 5318 οιιι.
1262 5264 1288 5318 G
1357 5269 1469 5321 obniarit
1484 5267 1510 5320 G
1579 5267 1742 5323 discordisG
1811 5269 1858 5339 ibi]
1877 5273 1987 5338 indecp.
2000 5272 2087 5336 1110

428 5357 461 5410 13
484 5357 615 5424 diligentis
635 5353 661 5408 G
746 5373 798 5423 qno
817 5385 849 5394 -
870 5352 902 5406 11
920 5353 1077 5423 impendere]
1102 5371 1133 5407 ac
1155 5355 1265 5420 ιμἰιιιιιι
1285 5353 1407 5406 Vsctcsa'us'
1424 5373 1465 5406 ur.
1482 5356 1545 5422 VII,
1567 5374 1650 5423 supra
1662 5374 1693 5424 p.
1708 5361 1764 5422 271,
1785 5367 1809 5410 st
1830 5376 1861 5412 cc
1882 5359 1993 5426 φίαιιιιιι
2009 5358 2088 5422 ΙΙ,9

427 5443 549 5496 Ruricius
566 5443 652 5494 boruit
753 5442 786 5496 15
802 5449 940 5511 augeretur
954 5438 981 5494 G
1040 5441 1208 5494 uisimdinam
1221 5437 1248 5492 G
1310 5439 1347 5508 et]
1367 5459 1398 5494 ac
1409 5459 1448 5508 ep.
1461 5443 1503 5506 ΙΙ,
1517 5448 1533 5495 9
1549 5444 1673 5510 suppleri,
1690 5440 1780 5497 amu
1879 5442 1912 5496 17
1929 5443 2043 5512 plurimu
2058 5441 2086 5496 G

427 5529 460 5582 19
478 5530 519 5583 cui
533 5557 565 5566 -
578 5527 612 5582 22
625 5527 724 5596 marita]
743 5547 774 5583 eu
791 5530 902 5597 epistula
914 5529 939 5592 I,
953 5533 985 5582 17
999 5529 1122 5595 repetiuit,
1140 5536 1167 5578 ut
1178 5528 1308 5580 ιιωιιιιιιὶιι
1320 5529 1423 5580 addidit
1486 5527 1546 5596 etsi]
1566 5531 1735 5596 supruI,17,
1752 5540 1782 5584 ut
1794 5533 1815 5584 ui
1828 5529 1854 5584 G
1957 5528 1992 5582 20
2003 5533 2086 5583 turbi-

426 5618 494 5670 diuis
505 5613 531 5668 G
617 5613 652 5668 22
670 5615 770 5682 marita]
789 5617 899 5684 φὺιιιια
911 5617 949 5668 ud
960 5615 1126 5670 Praesidium
1138 5616 1211 5682 ιιιιια,
1230 5633 1313 5682 supra
1324 5616 1366 5680 11,
1379 5621 1417 5681 12,
1434 5616 1482 5668 doc
1494 5618 1549 5669 loco
1564 5619 1672 5685 repetito
1688 5625 1724 5669 est
1737 5614 1763 5668 G
1849 5615 1884 5670 28
1903 5619 2048 5670 ministrare
2060 5614 2087 5669 G

426 5701 460 5755 29
477 5704 652 5771 praesentium
669 5700 777 5769 diamur]
796 5703 896 5771 scripsi,
912 5704 1100 5772 presentiarum
1114 5701 1147 5770 G,
1164 5705 1341 5772 praesentium
1359 5704 1423 5755 coni.
1437 5704 1579 5758 Mammea
1679 5701 1714 5754 30
1731 5703 1888 5766 futurorum]
1907 5705 1964 5756 linit
1981 5704 2045 5757 odd.
2059 5701 2087 5756 G
