4560 6434
443 411 504 478 320
1054 413 1193 471 RURICII
1211 411 1470 469 EPISTULARUM

354 576 387 649 G
440 586 631 651 volentes
656 587 799 652 videre
823 593 877 669 te,
902 588 946 653 ita
969 587 1154 674 respondit:
1188 611 1285 674 quae
1310 574 1370 654 est
1393 595 1516 653 mater
1539 611 1622 653 mea
1645 595 1710 652 aut
1733 590 1798 675 qui
1823 597 1912 654 sunt
1935 591 2089 656 fratres

440 691 537 754 mci?
584 698 617 756 et
643 693 819 758 ostendens
848 693 1028 778 apostolos,
1059 703 1234 778 sequentes
1258 715 1308 758 se:
1340 715 1448 758 nonne
1471 692 1505 757 hi
1534 694 1588 778 qui
1618 693 1741 756 faciunt
1763 695 1963 760 voluntatem
1986 697 2089 781 patris

411 793 527 857 timei?
572 801 677 859 mater
705 796 792 860 enirn
817 794 937 859 Christi
966 796 1029 860 dici
1060 819 1247 882 possumus,
1280 796 1409 882 quando
1433 796 1597 861 Christum
1621 796 1718 862 corde
1742 805 1925 882 gestamus,
1955 807 2090 870 namet

442 903 556 962 sancta
577 898 690 978 Maria,
721 920 804 985 quae
830 899 920 984 virgo
944 901 1103 987 concepit,
1131 901 1223 986 virgo
1250 901 1387 988 peperit,
1415 901 1504 986 virgo
1534 903 1724 986 permansit,
1753 901 1916 966 dominum
1940 909 2090 967 nostrum

413 1002 507 1065 'lnon
530 1004 702 1088 complexu
726 1003 811 1067 virili
836 1002 894 1068 sed
917 1003 980 1068 fide
1004 1005 1176 1069 maritante
1201 1005 1359 1090 concepit.
1396 1004 1513 1069 fratres
1537 1025 1614 1069 vero
1637 1005 1741 1092 ipsius
1765 1007 1934 1086 efficimur,
1959 1007 2090 1092 quando

442 1105 488 1167 ita
509 1106 609 1170 vitarn
632 1113 777 1171 nostram
800 1109 888 1172 omni
910 1110 1065 1173 virtutum
1089 1130 1211 1194 genere
1234 1109 1452 1196 disponimus,
1485 1109 1654 1188 fulcimus,
1686 1131 1853 1189 ornamus,
1884 1118 1920 1177 ιιι
1948 1111 2090 1177 heredes

443 1209 495 1272 dei
519 1231 590 1275 essa
614 1212 779 1297 possimus
802 1219 836 1277 et
859 1211 1039 1278 coheredes
1058 1213 1188 1278 Christi.
1234 1215 1286 1277 eui
1310 1215 1395 1278 enirn
1419 1212 1563 1293 dubium,
1588 1214 1672 1300 quod
1696 1215 1723 1277 si
1745 1215 1884 1279 heredes
1907 1215 1962 1279 dei
1985 1215 2089 1302 patris

443 1313 613 1392 efficimur,
637 1316 814 1380 rectissime
838 1323 871 1380 et
885 1318 1003 1381 fratres
1021 1317 1141 1382 Christi
1158 1317 1231 1396 dici,
1254 1317 1323 1403 ipso
1340 1317 1527 1403 adoptante,
1551 1319 1742 1404 poterimus,
1766 1320 1820 1405 qui
1836 1341 1895 1383 nos
1911 1318 2089 1405 plasmavit

443 1427 479 1481 ιιι
508 1439 599 1498 auos,
633 1419 771 1484 redemit
801 1425 837 1483 ιιι
869 1421 1007 1500 alienos,
1040 1421 1140 1506 elegit
1170 1427 1206 1484 ut
1228 1442 1356 1500 servos,
1390 1420 1526 1485 adscivit
1546 1428 1584 1485 ut
1606 1420 1710 1487 lilios?
1755 1424 1896 1508 plasmat
1919 1423 2005 1488 enirn
2029 1443 2091 1485 nos

413 1523 616 1607 8potestate,
641 1524 771 1588 redimit
792 1525 956 1611 passione,
986 1525 1079 1609 eligit
1100 1525 1133 1587 in
1156 1525 1384 1610 praescientia,
1415 1523 1568 1589 adsciscit
1591 1526 1625 1590 in
1649 1526 1764 1610 gratia.
1813 1549 1873 1592 nos
1896 1534 2007 1592 tamen
2029 1525 2091 1589 tilii

443 1645 502 1710 per
524 1624 741 1712 adoptionem,
765 1628 820 1692 ille
844 1628 933 1691 solus
956 1627 1042 1691 filius
1065 1649 1125 1713 per
1147 1634 1308 1706 naturam,
1332 1628 1388 1713 qui
1403 1633 1439 1692 ut
1454 1651 1514 1693 nos
1531 1628 1572 1692 ad
1589 1629 1728 1694 eandem
1744 1651 1764 1694 a
1778 1650 1842 1715 qua
1858 1629 2088 1695 excideramus

442 1727 677 1794 beatitudinem
702 1738 885 1811 revocaret,
916 1753 988 1796 curn
1011 1731 1140 1817 penitus
1165 1753 1227 1795 non
1251 1731 1385 1796 desierit
1408 1753 1482 1797 esse
1507 1731 1592 1818 quod
1624 1738 1709 1814 erat,
1740 1735 1843 1800 voluit
1872 1742 1981 1800 tamen
2012 1755 2089 1798 esse

443 1831 529 1917 quod
564 1855 626 1897 non
661 1841 748 1916 erat,
782 1841 818 1898 ιιι
849 1837 983 1901 verbum
1017 1857 1092 1900 caro
1127 1835 1220 1900 fieret
1238 1841 1301 1914 et,
1336 1834 1412 1900 dum
1447 1843 1576 1901 creator
1607 1837 1640 1901 in
1670 1843 1840 1903 creaturae
1872 1837 2090 1903 humilitatem

412 1935 628 2017 ildesoendit,
659 1937 700 2001 ad
730 1939 885 2004 creatoris
917 1939 1147 2004 sublimitatem
1179 1945 1330 2004 creatura
1361 1940 1604 2006 conscenderet.
1655 1963 1717 2027 quo
1745 1942 1798 2019 lit,
1828 1948 1863 2005 ut
1892 1942 2089 2006 humanitati

442 2039 551 2105 divina
580 2043 820 2108 communicent
853 2050 886 2107 et
914 2043 1075 2108 divinitati
1103 2043 1245 2108 humana
1272 2044 1469 2129 participent
1501 2043 1678 2109 secundum
1714 2045 1793 2110 illud
1829 2045 1983 2133 apostoli:
2022 2045 2090 2131 qui

443 2165 524 2208 curn
557 2146 595 2209 in
625 2146 745 2210 forme
775 2147 839 2212 dei
871 2154 992 2227 esset,
1029 2168 1101 2211 non
1132 2149 1307 2233 rapinam
1339 2148 1555 2213 arbitratus
1588 2155 1648 2214 est
1677 2172 1769 2214 esse
1799 2172 1839 2216 se
1870 2151 2091 2236 aequalem

443 2250 528 2332 deo,
551 2250 769 2316 sed‘semet
790 2253 914 2339 ipsum
931 2253 1172 2332 exinanivit,
1196 2253 1357 2317 formam
1377 2254 1482 2317 servi
1498 2254 1715 2340 accipiens,
1740 2255 1777 2317 in
1794 2253 2091 2318 similitudinem

442 2354 641 2419 hominum
671 2355 801 2420 factus
831 2362 870 2420 et
901 2357 1041 2421 habitu
1073 2362 1251 2443 repertus
1280 2363 1323 2421 ιιι
1352 2357 1478 2422 ιιοιιιο.
1524 2357 1756 2422 humiliavit
1777 2367 1908 2422 semet
1939 2359 2090 2443 ipsum,

442 2459 577 2522 factus
602 2459 814 2525 oboediens
836 2483 966 2546 usque
989 2461 1036 2524 ad
1060 2469 1232 2534 mortem,
1263 2468 1425 2526 mortem
1456 2467 1585 2526 autem
1616 2461 1760 2525 crucis.
1805 2459 2091 2548 propterquod

443 2561 537 2626 deus
561 2563 673 2627 illum
697 2563 893 2628 exaltavit
915 2571 954 2627 et
976 2562 1145 2628 donavit
1169 2564 1233 2628 illi
1256 2586 1412 2644 nornen,
1442 2563 1543 2648 quod
1570 2571 1629 2660 est
1660 2585 1780 2650 super
1803 2585 1914 2628 omns
1938 2584 2091 2642 nomen,
2121 2603 2132 2615 ·

443 2673 486 2730 ιιι
507 2667 547 2730 in
569 2668 725 2732 nominc
749 2668 838 2732 lesu
866 2689 979 2732 omne
1013 2688 1116 2753 genu
1145 2668 1350 2748 flectatur,
1384 2667 1630 2748 caelestium,
1662 2668 1927 2733 terrestrium
1958 2674 2000 2732 et
2028 2667 2091 2730 in-

444 2771 640 2835 fernorum
668 2778 709 2834 et
732 2771 858 2835 omnis
889 2772 1030 2856 lingua
1061 2771 1325 2852 confiteatur,
1357 2771 1532 2855 quoniam
1563 2769 1743 2836 dominus
1766 2771 1884 2837 Iesus
1908 2770 2090 2835 Christus

394 2875 480 2938 roin
504 2875 632 2960 gloria
654 2882 718 2940 est
740 2874 807 2941 dei
828 2876 973 2962 patris.
1017 2876 1103 2941 unde
1128 2883 1161 2940 et
1184 2875 1225 2940 ad
1248 2874 1431 2940 Corinthios
1456 2875 1541 2940 idern
1565 2875 1680 2940 doctor
1702 2876 1849 2940 scribens
1872 2876 1931 2939 ait:
1954 2876 2091 2960 itaque

442 3000 511 3044 nos
535 2979 723 3044 neminem
745 2980 920 3044 novimus
945 2979 1158 3044 secundum
1182 3001 1351 3051 carnem:
1387 2980 1468 3044 etsi
1492 2979 1746 3064 cognovimus
1769 2978 1869 3044 enim
1894 2977 2091 3043 Christum

443 3082 660 3147 secundum
686 3104 852 3162 carnem,
878 3082 945 3147 sad
967 3105 1068 3148 nunc
1093 3085 1167 3148 iarn
1190 3104 1265 3148 non
1287 3084 1481 3162 novimus,
1506 3083 1592 3167 quie,
1617 3091 1768 3147 cessante
1791 3083 1823 3148 in
1847 3104 1886 3148 eo
1902 3081 2090 3147 infirmitate
2120 3093 2133 3132 ’ὲ

395 3192 614 3274 licorporee,
647 3194 735 3252 totus
765 3186 908 3252 creditur
937 3188 971 3251 in
998 3188 1116 3252 virtuto
1149 3187 1269 3252 divina.
1315 3194 1348 3252 et
1377 3187 1451 3252 ideo
1481 3189 1573 3251 iuxta
1606 3209 1680 3252 curn
1708 3187 1907 3272 apostolum,
1938 3186 2091 3272 quoniam

445 3313 558 3356 omues
575 3292 608 3355 in
624 3290 754 3355 Christo
770 3312 870 3355 unum
887 3313 1009 3370 sumus,
1031 3291 1152 3355 fratres
1168 3292 1349 3356 rectissime
1373 3311 1609 3376 nuncupamur,
1633 3291 1708 3375 quia
1731 3311 1791 3354 nos
1815 3297 1848 3356 et
1869 3310 1955 3354 unus
1978 3295 2091 3352 uterus

397 3397 529 3460 ltsacri
550 3395 648 3460 fontis
665 3394 780 3461 effudit
796 3402 829 3460 et
846 3395 961 3460 eadem
977 3395 1079 3459 ubera
1095 3396 1208 3458 matris
1224 3394 1394 3474 ccclesiae,
1419 3394 1536 3480 spiritu
1552 3393 1745 3471 vivificante,
1768 3395 1938 3459 lactarunt.
1977 3391 2092 3456 simul-

445 3520 508 3584 que
530 3498 650 3563 idcirco
673 3500 804 3564 frater
827 3499 958 3585 scripsi,
989 3499 1064 3584 quia
1088 3504 1120 3562 et
1143 3497 1204 3562 deo
1226 3497 1367 3584 propitio
1390 3519 1410 3562 a
1433 3498 1556 3562 saeculi
1579 3497 1706 3562 actibus
1731 3497 1772 3562 ad
1794 3503 1961 3562 aetemem
1985 3495 2091 3560 beati-

444 3602 588 3668 tudinem
620 3609 653 3668 te
685 3605 828 3668 animam
860 3603 1057 3670 convertisse
1090 3604 1228 3688 cognovi
1259 3608 1292 3666 et
1319 3603 1514 3667 imitatorem
1547 3603 1633 3668 illius
1663 3601 1845 3688 evangelici
1877 3599 2090 3686 negotiatoris

443 3706 608 3787 effectum,
630 3708 695 3793 qui,
718 3708 861 3772 venditis
884 3707 1036 3771 omnibus
1061 3706 1138 3786 suis,
1162 3705 1362 3792 comparavit
1385 3706 1655 3790 pretiosissimum
1677 3707 1898 3791 margaritum,
1921 3705 1973 3768 vel
1993 3703 2091 3782 illius,

445 3811 510 3896 qui,
533 3818 663 3898 reperto
687 3811 721 3875 in
744 3833 824 3896 agro
847 3811 1013 3889 thesauro,
1038 3809 1202 3874 distractis
1227 3827 1310 3894 quae
1327 3808 1471 3876 habebat
1485 3809 1657 3890 universis,
1681 3831 1795 3895 agrum
1811 3810 1918 3896 ipsum
1933 3806 2092 3873 laudabili

443 3914 620 4000 eupiditate
653 3920 816 3979 mercatus
845 3919 912 3994 est,
941 3935 1006 3978 non
1033 3915 1161 3979 alienae
1191 3912 1408 3999 possessionis
1437 3913 1639 3998 importunus
1668 3913 1819 3992 inhiator,
1852 3910 1909 3976 sed
1938 3909 2089 3998 propriae

445 4018 610 4082 facultatis
639 4017 792 4104 providus
821 4017 1020 4095 distributor,
1051 4017 1221 4082 caritatem
1249 4021 1363 4103 utpote
1392 4016 1615 4081 sincerrimam
1645 4017 1789 4081 retinens
1813 4014 1909 4081 corde
1932 4014 2090 4100 perfecto,

397 4124 509 4185 l3non
538 4126 575 4184 ιιι
602 4122 731 4205 parcius
754 4120 927 4201 venderet,
960 4119 1019 4186 sed
1048 4126 1085 4184 ut
1111 4119 1232 4204 largius
1260 4119 1435 4184 feneraret.
1481 4139 1580 4205 super
1607 4140 1671 4205 quo
1700 4120 1787 4184 facto
1816 4118 1944 4205 gaudeo
1974 4123 2008 4183 et
2030 4116 2091 4181 deo
2120 4129 2146 4168 ³⁵

445 4225 568 4311 gratias
599 4245 676 4308 ago,
707 4223 793 4310 quod
823 4223 1001 4289 secundum
1031 4222 1161 4287 divitias
1183 4222 1340 4286 bonitatis
1364 4244 1443 4288 suae
1467 4231 1564 4308 atque
1588 4223 1714 4288 virtutis
1738 4245 1798 4310 per
1818 4221 2091 4289 inaestimabilem
2116 4213 2118 4217 ’

446 4326 703 4394 misericordiam
737 4349 829 4392 suam
864 4325 1112 4413 propemodum,
1147 4332 1182 4390 ut
1217 4327 1263 4390 ita
1295 4325 1448 4407 dixerim,
1482 4333 1596 4391 contra
1630 4327 1826 4392 senteutiam
1859 4346 1950 4390 suam
1980 4323 2092 4388 venire

446 4434 608 4519 dignatur,
640 4432 730 4517 quia,
763 4452 836 4496 curn
864 4431 935 4518 ipse
966 4428 1102 4508 dixerit,
1133 4428 1264 4494 difficile
1296 4450 1352 4494 eos
1384 4431 1439 4515 qui
1470 4432 1628 4515 pecunias
1652 4431 1774 4496 babent
1796 4451 1931 4515 regnum
1955 4426 2091 4516 adipisci

445 4559 542 4623 posse
571 4537 751 4613 caelorum,
782 4556 859 4600 eccs
888 4540 920 4599 te
949 4540 982 4597 ct
1013 4533 1063 4598 his
1093 4532 1238 4618 dignavit
1268 4533 1300 4596 in
1330 4533 1459 4598 saeculo
1490 4540 1523 4598 et
1553 4535 1734 4620 provehere
1761 4534 1895 4598 festinat
1922 4533 1955 4597 in
1978 4553 2091 4617 ragno.

397 4642 504 4707 tlsed
538 4648 647 4706 tamen
682 4638 768 4704 idem
802 4638 952 4703 dominus
989 4639 1141 4704 continuo
1177 4638 1316 4724 rigorem
1350 4639 1466 4726 prioris
1501 4639 1721 4704 huiuscemodi
1756 4639 1953 4717 sententiae,
1995 4656 2092 4722 quam
2120 4647 2146 4686 ⁴⁰

446 4745 584 4834 apostoli
606 4743 833 4810 vehementius
856 4742 1088 4823 formidabant,
1115 4743 1357 4808 misericordiae
1382 4766 1461 4808 suae
1484 4743 1706 4809 moderamine
1729 4741 1936 4829 temperavit,
1969 4739 2093 4818 dicens,

447 4850 533 4935 quod
561 4847 762 4935 impossibile
793 4853 883 4912 esset
911 4848 945 4912 in
975 4869 1010 4912 se
1040 4848 1226 4913 bominibus
1258 4870 1317 4934 per
1344 4854 1496 4913 naturam
1526 4847 1683 4933 possibile
1715 4845 1777 4910 deo
1808 4847 1842 4910 in
1866 4845 1914 4910 eis
1937 4865 2012 4909 esse
2034 4864 2094 4928 per

398 4953 599 5040 lbgratiam:
630 4952 716 5038 quod
743 4953 777 5016 in
799 4958 844 5031 te,
872 4951 924 5016 cui
948 4952 1039 5038 operi
1063 4959 1099 5016 ut
1120 4952 1194 5017 otiis
1218 4957 1316 5036 atque
1338 4951 1511 5038 impendiis
1534 4973 1657 5037 pronus
1680 4949 1861 5028 incumbas,
1888 4968 1948 5033 pro
1972 4947 2093 5011 aflectu

550 5192 739 5258 rhacvuu
756 5191 800 5247 20.
861 5192 945 5248 Marc.
963 5193 1012 5256 III,
1030 5193 1073 5248 33.
1172 5193 1455 5257 australium.
1554 5192 1670 5247 Illam.
1681 5192 1757 5257 VIII,
1775 5191 1817 5246 17.
1915 5189 1948 5244 15
1969 5185 2092 5256 Philipp.

447 5282 482 5344 II,
499 5283 597 5336 6-11.
687 5281 721 5335 23
739 5279 774 5334 Π.
787 5279 847 5334 Cor.
859 5279 892 5344 V,
912 5281 952 5335 16.
1044 5279 1316 5344 trecasinae.
1401 5280 1436 5334 30
1453 5279 1554 5333 Matth.
1568 5279 1643 5344 XIII,
1661 5279 1703 5334 46.
1790 5278 1825 5333 32
1843 5276 1944 5331 Matth.
1958 5274 2033 5338 XIII,
2051 5274 2094 5328 44.

446 5369 481 5422 38
498 5367 599 5421 Matth.
619 5365 692 5431 XIX,
710 5367 753 5420 23.
839 5366 874 5419 42
891 5365 992 5422 Matth.
1011 5366 1085 5429 XIX,
1103 5368 1144 5422 26.

549 5489 664 5542 untia
766 5486 877 5555 4quas]
896 5507 961 5556 quae
980 5492 1047 5544 etG
1149 5488 1252 5558 9snos]
1271 5491 1361 5543 uosG
1463 5490 1497 5544 10
1514 5491 1586 5558 eligit
1602 5487 1640 5557 in]
1658 5489 1906 5556 mplen't'tjohann
2010 5483 2043 5537 ll
2060 5485 2094 5536 ad

447 5574 563 5645 eandam]
582 5577 750 5629 οιιιιιιιιιιἸ
793 5572 862 5640 alG
939 5579 1163 5630 oxcsdsmmustl
1276 5577 1309 5630 13
1333 5579 1519 5630 humilitatati
1632 5574 1664 5628 14
1688 5573 1908 5628 conscenderitG
1984 5571 2096 5638 quodG

449 5665 480 5717 17
500 5684 527 5718 so
544 5663 673 5732 ipsumG
780 5659 816 5713 20
833 5665 952 5714 omnee
1057 5662 1091 5717 27
1109 5665 1233 5716 omnisC
1341 5663 1538 5732 rescripsisti
1613 5661 1746 5730 a]om.(1'
1857 5659 1892 5712 32
1908 5658 2096 5730 destactisq36

446 5753 482 5807 43
498 5751 568 5824 otiis]
586 5751 737 5816 Momasson,
754 5750 814 5802 totis
834 5749 865 5816 0,
882 5757 952 5805 totus
969 5770 1014 5822 eqo
1083 5749 1170 5822 atque]
1191 5752 1223 5817 G,
1240 5769 1322 5821 usquo
1342 5751 1468 5816 Convictus,
1486 5769 1566 5820 aeque
1584 5749 1734 5819 Ldtjohana
