4560 6434
428 369 491 433 380
707 335 709 340 ’
959 383 962 390 ·
1139 359 1221 416 socr
1239 357 1382 415 srsrrrss

558 535 740 604 SIDONH
761 532 1111 601 EPISTULARUM

534 659 595 695 cum
625 637 801 708 crystallinas
833 641 940 692 crustas
971 639 1022 691 aut
1053 637 1232 706 onychitinas
1319 653 1434 706 ungues.
1470 634 1715 692 Husuerbas:
1734 633 1769 687 ad
1790 649 1920 702 unguem.
1949 650 1976 685 o.
1987 649 2015 700 p.
2030 633 2093 686 294.

533 744 590 782 non
599 727 723 796 impacto
731 724 838 794 digitus
848 741 942 794 ungue
953 723 1116 793 perlabitur,
1126 723 1233 792 quippe
1325 724 1396 791 Verq.
1411 738 1498 792 qeorq.
1518 722 1613 776 narr.

534 813 556 867 si
589 812 661 866 nihil
695 828 757 865 eum
789 811 898 865 rimosis
931 810 1057 865 obicibus
1084 812 1230 878 exceptum
1285 805 1770 877 senec.ep.1rs,1o:noluntsine
1794 806 1903 859 salebra
1925 821 1985 858 esse
2010 804 2094 857 iunc-

532 901 618 953 tenax
637 898 761 952 fractura
779 900 940 952 remoretur.
1319 901 1419 952 turam.

431 986 468 1039 lX
479 987 541 1050 7,4:
560 985 643 1039 venia
660 984 698 1038 sit
715 983 800 1038 dicto.
1287 985 1360 1039 Pria.
1374 983 1488 1046 varo:
1507 980 1591 1034 venia
1608 980 1646 1032 sit
1663 979 1748 1034 dicto.

430 1072 589 1138 laissa:
608 1071 679 1125 bone
702 1070 807 1139 scripta
827 1069 975 1123 laudamus
1088 1068 1184 1122 desine
1202 1069 1232 1121 iu
1287 1071 1384 1140 Syram
1404 1069 1504 1132 1142:
1523 1066 1577 1121 tibi
1603 1065 1720 1120 videbar
1738 1105 1744 1118 .
1761 1107 1767 1120 .
1785 1106 1814 1119 ..
1839 1067 1914 1119 certe
1938 1064 2093 1132 malignus,

535 1161 677 1228 posterum
689 1160 785 1210 nostra
796 1156 937 1210 declinare
950 1155 1063 1218 iudicia,
1075 1173 1148 1225 quae
1160 1155 1231 1209 nihil
1318 1158 1368 1226 qui
1386 1156 1501 1211 laudare
1519 1152 1662 1208 nescirem.

532 1237 649 1298 mordax
674 1243 745 1298 nihil
770 1259 882 1312 quoque
907 1241 1051 1296 minantur
1075 1242 1232 1311 increpato-

535 1348 615 1384 rrum.

433 1417 467 1470 lX
482 1417 543 1482 lb:
562 1417 584 1470 si
604 1415 747 1470 distuleris
765 1417 889 1470 nostram
908 1415 1086 1470 sterilitatem
1105 1414 1233 1470 facundis
1286 1417 1385 1485 Symm.
1404 1415 1575 1480 114,1:nec
1597 1414 1712 1479 mirum,
1738 1414 1762 1468 si
1786 1412 1890 1481 eloquii
1909 1409 1998 1465 nostri
2018 1428 2093 1464 vena

533 1502 683 1557 fecundare
702 1500 858 1570 colloquiis.
1319 1504 1437 1557 tenuata
1455 1503 1506 1565 est,
1524 1517 1609 1570 quam
1627 1500 1732 1554 dudum
1748 1517 1838 1569 neque
1851 1499 1936 1553 ullius
1949 1497 2093 1566 poematis

567 1589 600 1655 cf.
619 1587 658 1642 IV
667 1587 734 1662 3,10.
754 1587 793 1641 VI
802 1589 852 1652 3,1.
1320 1588 1363 1642 tui
1375 1603 1466 1656 neque
1478 1587 1649 1657 pedestrium
1662 1587 1836 1641 voluminum
1848 1585 1970 1639 lectione
1983 1583 2092 1638 insisti.

509 1672 739 1743 :aucupabimur
761 1673 902 1727 nundinas
924 1673 1166 1728 involantum
1190 1674 1233 1726 in·
1286 1675 1385 1745 Syma
1404 1674 1505 1738 irae:
1523 1691 1639 1743 spargas
1664 1673 1732 1728 licet
1753 1672 1896 1726 volumina
1922 1675 1972 1725 tua
1992 1673 2022 1724 et
2047 1687 2093 1723 me

535 1759 705 1830 choabisque
734 1763 803 1814 tunc
832 1761 936 1814 frustra
965 1760 1070 1815 moveri
1097 1760 1233 1830 spoliatus
1320 1777 1428 1832 semper·
1453 1760 1587 1830 excipias,
1611 1760 1735 1815 fruemur
1756 1763 1851 1814 tarnen
1870 1766 1920 1813 tuo
1938 1775 2024 1827 opere
2043 1757 2092 1810 sed

535 1848 623 1911 furto,
648 1846 671 1899 si
693 1863 769 1900 nuuc
789 1848 904 1916 rogatus
922 1863 979 1901 non
997 1845 1116 1900 moveris
1134 1845 1233 1900 officio.
1319 1849 1438 1903 aliorum
1456 1847 1642 1917 benignitate.

430 1935 469 1989 IX
479 1934 520 1998 8,1
535 1953 541 1987 ε
560 1933 695 2001 obsequia
713 1932 883 1987 combinans.
918 1932 948 1997 ot
964 1931 1001 1985 Vl
1011 1933 1061 1995 9,1.

431 2020 468 2074 IX
480 2021 542 2085 82:
561 2018 764 2080 Gabaoniticae
782 2017 934 2072 servitutis.
1286 2021 1366 2074 Ioaue
1383 2020 1473 2074 lxas.

325 2129 327 2134 ·
431 2107 541 2172 ixal:
562 2106 689 2176 (longum
714 2107 807 2159 tacere
937 2121 987 2158 nos
1083 2102 1234 2171 dequestus
1284 2105 1598 2178 spnm.114‚1:petis
1622 2121 1639 2158 a
1662 2121 1706 2159 me
1732 2105 1841 2159 litteras
1862 2104 2010 2172 longiores.
2049 2095 2093 2155 est

536 2197 588 2261 es;)
616 2207 752 2263 cognosco
777 2193 887 2244 vestrae
909 2191 998 2261 partis
1021 2190 1086 2244 hinc
1109 2189 1234 2244 studium
1320 2193 1421 2248 hocin
1439 2209 1489 2247 nos
1507 2192 1566 2247 veri
1584 2192 1686 2246 amoris
1704 2192 1846 2246 indicium.

536 2319 646 2334 .....
682 2276 757 2331 mitti
797 2276 930 2346 paginam
967 2276 1106 2346 copiosam
1143 2277 1234 2330 denuo

534 2365 622 2420 iubes.
910 2415 912 2420 ,

508 2472 515 2506 r
533 2451 661 2506 votivum
680 2489 727 2505 ...
747 2466 780 2503 ac
798 2452 985 2518 peroptatum.
1020 2449 1054 2515 cs.
1072 2448 1172 2514 1v5,a.

432 2538 468 2592 IX
479 2539 540 2602 92:
560 2537 664 2592 adsunt
683 2539 748 2590 vota
764 2535 827 2597 (aa.
842 2535 1001 2601 scribendi),
1019 2551 1119 2589 causae
1131 2535 1235 2589 absunt
1288 2537 1383 2591 Flora.
1401 2540 1480 2602 313:
1499 2538 1562 2592 volo
1585 2536 1621 2590 ad
1645 2539 1674 2589 te
1693 2536 1775 2606 plura
1793 2535 1925 2598 scribere,
1950 2537 1998 2590 scd
2018 2537 2093 2591 nihil

534 2662 701 2677 ..........
720 2620 768 2675 sed
784 2620 855 2675 bene
874 2624 923 2684 est,
943 2621 1014 2675 bene
1027 2625 1076 2685 est,
1096 2620 1165 2689 quia
1177 2663 1182 2674 .
1193 2661 1199 2672 .
1211 2661 1234 2675 ..
1322 2625 1456 2694 suppetit.
1493 2624 1562 2679 Ecce
1580 2622 1655 2692 quod
1674 2623 1704 2676 in
1722 2622 1846 2676 animum
1866 2622 1950 2675 veuit.

534 2725 576 2763 res
600 2708 673 2762 forte
696 2706 841 2762 succurrit.
875 2708 986 2775 efivlss
996 2709 1076 2771 6,13:
1099 2706 1148 2759 sed
1172 2723 1235 2760 ecce

534 2795 601 2849 dum
624 2794 682 2848 iam
706 2792 857 2862 epistulam
877 2835 925 2848 ...
951 2794 1080 2849 claudere
1099 2795 1233 2861 optarem,

534 2881 643 2936 subitus
663 2919 709 2934 ...
731 2881 855 2935 nuntius.

509 2966 583 3035 :qui
608 2966 729 3036 porrigit
750 2967 815 3035 (scil.
838 2965 1049 3034 salutationem)
1068 2965 1160 3020 verbis
1179 2982 1234 3021 non

534 3052 709 3117 necessariis,
742 3069 759 3106 a
789 3053 888 3121 regula
918 3052 1083 3106 Sallustiani
1113 3051 1235 3106 tramitis
1288 3053 1515 3107 *anacastra
1529 3052 1597 3106 satis
1610 3051 1796 3120 eloquentiae,
1813 3052 1969 3122 sapientiae
1982 3069 2092 3121 parurn.

535 3139 661 3194 detortus
694 3137 849 3202 exorbitat,
880 3137 929 3205 qui
958 3136 1109 3192 Catilinam
1138 3138 1235 3206 culpat
1265 3131 1266 3136 '
1321 3139 1354 3205 cs.
1375 3137 1472 3192 Frorrt.
1493 3138 1593 3202 10724.
1614 3139 1697 3201 115,8.
1718 3139 1819 3202 lodii,

534 3213 665 3279 habuisse
683 3224 753 3279 satis
767 3222 945 3292 eloquentiae
958 3223 1114 3293 sapientiae
1127 3240 1234 3293 parum.

511 3331 517 3365 :
536 3328 588 3366 ave
605 3311 682 3366 dicto
701 3327 765 3364 mox
785 3311 847 3364 vale
865 3309 992 3364 dicimus.
1288 3311 1393 3366 Aaron.
1406 3309 1437 3363 E
1452 3309 1517 3364 XVI
1527 3311 1623 3376 2105:
1642 3310 1770 3380 haveque
1788 3309 1864 3365 dicto
1882 3310 1927 3365 dic
1945 3312 2017 3367 vale.

568 3398 641 3465 cfic.
661 3396 754 3450 XXIV
765 3397 806 3451 76.

432 3486 470 3541 Ill
480 3486 541 3550 9,3:
561 3484 667 3554 quippe
685 3498 740 3551 quo
759 3481 925 3551 providente
944 3521 970 3535 ..
986 3521 992 3534 .
1010 3482 1062 3535 einr
1081 3482 1138 3536 tuis
1156 3481 1234 3535 libris
1286 3484 1478 3555 Syram.114,2
1491 3503 1498 3537 r
1516 3499 1565 3537 cnr
1576 3499 1621 3537 me
1632 3483 1714 3538 istius
1727 3483 1825 3549 libelli,
1838 3500 1949 3558 quaeso,
1964 3487 2091 3540 exortem

535 3570 714 3624 insalutatus.
1252 3617 1257 3623 .
1321 3587 1379 3624 esse
1397 3568 1533 3624 voluisti?

431 3657 542 3726 Illas:
561 3655 720 3724 desperatio
738 3654 934 3722 consequendi.
1285 3657 1384 3728 Syram
1402 3657 1518 3711 v1151:
1537 3655 1695 3725 desperatio
1714 3657 1862 3726 aequandi.

510 3760 573 3797 :arr
594 3741 937 3811 super-ciliumramquam
956 3741 1079 3795 difficilis
1098 3757 1130 3795 ac
1149 3740 1233 3808 rigidi
1287 3744 1516 3814 Symm.114,2:
1540 3745 1591 3796 aut
1617 3745 1690 3797 certe
1717 3743 1871 3813 malignus,
1898 3745 1947 3813 qui
1973 3745 2091 3800 laudare

536 3827 653 3898 plosoris
672 3826 891 3881 extimescebas?
1320 3830 1463 3898 nescirem.
1492 3828 1524 3894 cf.
1540 3828 1624 3882 rana.
1637 3829 1728 3895 X12,l
1742 3845 1795 3897 eq:
1815 3830 1895 3885 triste
1908 3833 2090 3901 supercilium

569 3916 601 3982 qs.
615 3913 681 3967 VIII
691 3914 742 3978 92.
1320 3915 1439 3984 durique
1457 3930 1553 3968 severa
1571 3913 1684 3968 Catonis
1703 3915 1785 3969 frons.

431 4001 470 4056 IX
480 4001 543 4064 9,5:
562 4017 599 4053 an
617 3999 685 4068 quia
702 3999 866 4054 indoctum?
1288 4001 1386 4072 Syma
1406 4001 1506 4064 1142:
1525 4001 1576 4055 aut
1595 3996 1779 4072 riparroo'rrpor
1796 4002 1849 4057 tibi
1870 4003 1993 4058 videbar.

433 4087 470 4141 lX
481 4087 543 4150 9,6:
561 4085 644 4139 istius
662 4085 758 4140 mnndi
776 4084 819 4139 bis
838 4085 1008 4155 peregrinus.
1291 4087 1398 4141 Tertull.
1409 4086 1440 4141 da
1454 4101 1541 4140 coroa.
1553 4086 1607 4140 mil.
1628 4087 1680 4140 13:
1699 4088 1863 4157 peregrinus
1881 4089 1978 4142 mundi
1997 4089 2090 4146 huius.

511 4171 624 4225 :donec
651 4170 777 4240 gentium
807 4169 1010 4225 concitatarum
1038 4170 1160 4240 procella
1187 4172 1234 4225 de·
1288 4173 1362 4228 Plia.
1381 4172 1420 4226 IX
1431 4172 1509 4235 13,4:
1528 4188 1590 4225 cum
1612 4171 1668 4226 iarn
1688 4172 1757 4226 satis
1776 4174 1880 4242 primus
1898 4175 1947 4228 ille
1966 4175 2091 4245 impetus

536 4258 674 4311 fremeret.
709 4258 743 4324 cs.
763 4257 801 4309 IV
811 4257 878 4322 12,4.
1321 4258 1522 4313 defremuisset.

434 4345 471 4398 IX
482 4345 545 4409 aa:
564 4342 668 4397 nollem
686 4342 777 4396 adhuc
795 4343 912 4410 prodere
924 4343 991 4411 (scit.
1005 4343 1160 4410 iudicium),
1179 4361 1234 4412 quo
1288 4345 1387 4416 Syram.
1406 4345 1507 4410 llas:
1526 4343 1609 4398 velim
1629 4346 1734 4410 tacere,
1760 4345 1828 4414 quid
1847 4346 1978 4410 sentiam,
2004 4347 2090 4401 velim

535 4427 697 4484 diuturnius
720 4427 914 4496 expectatione
937 4429 1084 4498 penderem
1109 4430 1172 4500 plus
1191 4445 1234 4484 me
1321 4432 1395 4488 iusto
1413 4432 1448 4487 de
1466 4435 1494 4486 te
1512 4430 1626 4486 silentio
1645 4431 1790 4487 vindicari.

536 4516 611 4572 enirn
630 4514 784 4578 ulciscerer,
803 4512 827 4567 ri
845 4513 920 4582 quod
938 4515 1011 4570 sensi
1030 4519 1158 4570 tacerem.

512 4623 518 4656 :
537 4604 570 4656 ut
587 4600 688 4656 lectori
705 4603 753 4655 tuo
772 4616 820 4655 seu
839 4601 990 4656 reluctanti
1009 4618 1057 4656 seu
1076 4602 1234 4657 voluntario
1288 4601 1361 4655 Plia.
1382 4603 1482 4672 Panep.
1501 4604 1554 4658 73:
1573 4604 1663 4658 multa
1680 4604 1797 4659 fecimus
1815 4608 1927 4674 sponte,
1947 4605 2029 4675 plura
2047 4605 2091 4658 in-

536 4688 579 4743 vis
609 4687 765 4757 voluptatis
795 4688 916 4742 excudat
946 4689 1087 4759 praeconii
1118 4689 1234 4744 necessi·
1321 4688 1425 4744 stinctu
1445 4688 1565 4758 quodam
1579 4693 1608 4745 et
1619 4690 1745 4760 imperio.
1776 4692 1847 4746 Nam
1860 4692 1964 4760 gaudio
1977 4707 2090 4760 quoque

535 4778 633 4830 tatem.
1321 4775 1439 4846 cogendi
1458 4775 1500 4831 vis
1518 4775 1600 4831 inest.

510 4883 517 4917 r
535 4862 605 4932 quid
688 4864 718 4916 et
734 4859 867 4915 iniuriam
887 4860 961 4930 passi
980 4877 1148 4916 censeamus.
1286 4861 1382 4932 Syma.
1402 4863 1503 4927 rrae:
1522 4865 1551 4917 te
1569 4863 1703 4918 miramur
1721 4862 1827 4918 offensi.

432 4949 561 5014 Ixalr:
580 4948 750 5003 dictationis.
1287 4948 1387 5018 Sumen.
1405 4949 1490 5004 VI4:
1509 4949 1663 5004 dictatione
1682 4952 1841 5020 properata.

511 5055 517 5089 ε
538 5051 600 5089 curn
619 5051 670 5089 nec
687 5033 807 5090 offensus
825 5033 910 5089 aliter
927 5033 1027 5088 iudico.
1172 5067 1174 5072 ·
1286 5033 1382 5104 Syram
1402 5035 1503 5101 114,5:
1522 5037 1550 5090 te
1568 5035 1703 5090 miramur
1721 5034 1827 5090 olisna.

433 5122 561 5187 Isara:
580 5121 666 5176 animi
696 5121 911 5190 litterarumque
940 5119 1054 5174 dotibus
1082 5118 1234 5189 praeditus.
1286 5120 1382 5192 Syrmn.
1394 5120 1488 5177 vna:
1502 5123 1660 5177 litterarum
1670 5122 1736 5178 dote
1746 5123 1874 5178 ditescas.
1900 5121 2089 5186 Priameia:

535 5207 566 5274 ct
586 5207 612 5261 Π
624 5209 675 5273 6,1.
1321 5211 1504 5263 naturae
1523 5208 1645 5265 dotibus.

510 5313 516 5347 :
536 5292 681 5348 mulierem
699 5295 845 5364 pulchram
862 5292 911 5348 sed
929 5292 1008 5347 illam
1024 5293 1235 5348 deuteronomio
1286 5293 1393 5348 Deretcr.
1411 5293 1477 5348 XXI
1487 5295 1519 5348 11
1531 5310 1605 5364 sqq:
1625 5297 1655 5349 et
1679 5295 1782 5351 videris
1806 5296 1836 5349 in
1859 5313 1974 5352 numero
2000 5297 2091 5368 capti·

536 5379 710 5449 astipulante
740 5381 893 5436 nubentem
1031 5380 1085 5435 tibi
1115 5379 1235 5449 iugasti;
1322 5397 1418 5434 vorum
1441 5380 1587 5436 mulierem
1612 5382 1757 5452 pulchram
1783 5384 1812 5436 et
1834 5383 2013 5438 adamaveris
2028 5399 2089 5438 eanr

535 5483 619 5534 quam
640 5467 778 5521 ...inter
790 5468 905 5522 hostiles
919 5468 1097 5538 conspicatus
1110 5469 1236 5522 catervas
1321 5467 1497 5537 voluerisque
1515 5468 1619 5524 habere
1635 5485 1758 5524 uxorem.
1793 5469 1955 5525 Introdnces
1974 5487 2034 5524 eam
2061 5471 2091 5524 irr

537 5591 605 5605 ....
623 5550 783 5606 adamatam
870 5554 1002 5624 rapuisti,
1028 5553 1235 5626 philosophiam
1321 5552 1432 5608 domurn
1452 5557 1547 5610 tuam:
1566 5571 1639 5624 quae
1657 5555 1738 5609 radet
1755 5557 1907 5610 caesariem
1926 5560 1955 5611 et
1973 5557 2089 5611 circnm-

536 5635 659 5696 scilicet,
685 5653 759 5705 quae
784 5677 790 5690 .
809 5678 814 5691 .
833 5680 839 5693 .
862 5655 924 5694 raso
951 5641 1054 5710 capillo
1079 5642 1235 5711 superfluae
1320 5640 1395 5695 cidet
1412 5658 1528 5711 ungues.
1565 5643 1600 5695 Et
1617 5642 1739 5712 deponet
1758 5644 1874 5708 restem,
1892 5643 1921 5697 irr
1937 5661 1994 5713 qua
2006 5647 2090 5714 capta
