4732 6436
507 373 591 424 LXVI
1096 367 1306 423 PRAEFATIO
1326 367 1367 422 IN
1386 367 1569 422 RVRlCthl

507 540 609 604 multo
627 545 701 626 post
716 561 744 603 a.
763 542 825 604 507
842 539 929 604 diem
949 538 1071 602 obiisse
1089 543 1282 603 extromum.
1321 537 1359 602 Iu
1376 539 1538 603 obituario
1556 539 1589 604 S.
1605 538 1768 603 Martialis
1785 539 1871 603 circa
1888 561 1916 604 a.
1937 541 2019 604 1300
2036 540 2169 626 incepto

510 644 627 708 Rorico
643 644 807 727 episcopus
821 642 885 707 XV
901 642 975 707 Kal.
993 642 1076 706 Nor.
1094 643 1295 718 celebratum
1320 643 1359 706 cl.
1377 641 1521 720 Letous,
1539 643 1701 718 Molinior‚
1719 642 1873 722 Thomas,
1889 640 2023 706 Dorum.
2040 643 2169 708 histori-

507 769 583 830 ques
601 751 793 812 concernunt
809 747 860 810 La
875 745 1009 810 March-e
1023 751 1052 809 ct
1067 744 1094 808 le
1109 745 1285 811 Limousin.
1332 747 1466 813 Lomov.
1483 747 1575 826 1883,
1593 746 1619 825 Ι,
1640 767 1671 832 p.
1688 749 1737 809 77.
1776 744 1916 810 Saeculo
1934 746 2015 810 XIV
2033 747 2169 812 ineunte

510 853 581 917 eius
605 852 762 938 reliquias
785 852 817 915 in
841 851 981 914 ecclesia
1005 870 1103 934 quarn
1131 850 1202 936 ipse
1226 849 1413 914 aedificavit
1437 849 1470 914 S.
1485 850 1663 934 Augustini
1687 857 1872 914 asservatas
1902 872 1975 916 csse
2000 851 2092 914 testis
2117 858 2170 915 est

508 955 697 1021 Bernardus
725 954 883 1020 Gnidonis
911 953 1039 1034 (Labbe
1062 953 1083 1016 l.
1108 975 1135 1018 c.
1159 974 1189 1039 p.
1208 954 1303 1037 277):
1327 954 1370 1018 In
1391 974 1426 1019 co
1447 959 1571 1018 monast
1613 955 1619 966 '
1660 954 1708 1037 (S.
1727 955 1903 1039 Augustini
1925 954 2168 1039 Lemovicensi)

507 1059 619 1142 mpiuti
641 1064 707 1124 octo
730 1059 865 1139 episcopi
887 1057 1038 1121 tumulati
1060 1057 1222 1134 dicuntur,
1245 1079 1380 1139 quorum
1402 1057 1518 1121 tumuli
1540 1057 1704 1122 duodecim
1725 1058 1959 1136 discernuntur,
1983 1062 2012 1122 ct
2033 1059 2170 1123 duorum

507 1168 690 1228 sanctorum
715 1162 930 1242 manoperam
956 1161 1081 1226 Rcricii
1109 1165 1139 1224 et
1168 1161 1307 1242 Asclipii
1336 1181 1467 1242 corpora
1502 1162 1537 1226 iu
1571 1183 1668 1242 capsa
1694 1183 1794 1242 supro
1823 1163 1931 1226 maius
1960 1161 2063 1227 altare
2096 1184 2169 1227 eum

508 1265 540 1333 S.
562 1267 685 1331 Flauia
714 1267 834 1348 oirpine
866 1270 895 1329 et
927 1270 1074 1349 momyre.
1133 1265 1342 1330 Ruriciorum
1377 1265 1579 1352 epitaphium
1615 1264 1815 1330 Fortunatus
1850 1265 2031 1352 composuit
2067 1265 2169 1330 hocca

511 1369 622 1455 (carm.
640 1369 698 1452 IV,
714 1369 763 1455 5):
895 1423 897 1428 .

792 1471 1005 1553 Epitaphium
1028 1471 1237 1538 Ruricicrum
1258 1473 1472 1554 episcopmm
1495 1473 1635 1537 ciuitatis
1657 1473 1884 1537 Limoveciuae.

843 1592 961 1657 lueida
983 1611 1075 1670 mors,
1098 1594 1210 1659 rabido
1232 1594 1376 1675 quamvis
1398 1593 1557 1658 miniteris
1578 1591 1681 1670 hictu,

906 1717 971 1760 non
993 1702 1098 1762 tamen
1119 1697 1156 1761 iu
1177 1697 1298 1760 sanctis
1319 1697 1396 1760 iura
1419 1701 1521 1760 tenere
1543 1694 1636 1759 cates.

838 1821 914 1864 unm
931 1805 1101 1882 postquam
1123 1821 1265 1865 remeans
1287 1800 1410 1864 domuit
1430 1799 1502 1881 fera
1526 1799 1667 1863 Tartara
1695 1797 1851 1875 Christus,

906 1903 1064 1968 iustorum
1086 1904 1208 1968 riseritis
1229 1904 1287 1968 suh
1303 1903 1385 1984 pede
1406 1904 1490 1967 cteta
1512 1904 1605 1967 iaces.

809 2039 820 2076 s
842 2007 894 2070 liic
916 2027 1009 2070 sacra
1025 2008 1216 2088 pontificum
1239 2011 1301 2072 toto
1322 2007 1492 2071 radiatum
1513 2005 1632 2070 mundo

905 2110 1043 2174 memma
1063 2110 1231 2191 sepulchra
1254 2115 1370 2194 tepent,
1393 2111 1529 2194 spiritus
1551 2115 1642 2174 astra
1664 2108 1745 2173 colit.

841 2213 972 2277 Ruricii
991 2215 1108 2295 pemiui
1128 2214 1230 2293 liores,
1253 2215 1368 2294 quihus
1390 2213 1581 2278 Aniciorum

908 2318 1020 2380 iuncta
1035 2317 1203 2398 parentali
1225 2318 1362 2382 cuimine
1383 2318 1487 2383 Romo
1508 2318 1583 2399 suit,

842 2426 918 2484 cetu
939 2427 1039 2485 nume
1059 2421 1164 2502 produ
1185 2442 1240 2505 spe
1260 2422 1386 2486 nomirre
1407 2422 1563 2503 sanquine
1584 2422 1660 2485 neci

797 2557 821 2593 m
908 2525 1053 2589 exultant
1068 2525 1196 2605 pariter
1218 2526 1293 2590 hinc
1314 2546 1403 2603 ames,
1426 2526 1500 2590 iude
1522 2546 1631 2606 nuum

843 2633 977 2708 tempore
998 2629 1132 2710 quisque
1153 2650 1210 2694 suo
1232 2629 1378 2710 fundans
1392 2630 1455 2710 pia
1478 2629 1593 2710 templa
1609 2629 1744 2709 patroni

852 2788 853 2791 ,
908 2732 967 2796 uu
989 2732 1175 2814 Aupustiui
1200 2733 1341 2798 emcdidit
1363 2732 1416 2797 ille
1439 2733 1538 2797 Petri.

843 2835 895 2900 hic
911 2836 1041 2919 mahta,
1065 2835 1117 2901 iile
1132 2837 1221 2918 pius,
1244 2836 1296 2900 hic
1317 2838 1429 2914 serius,
1452 2835 1505 2901 ille
1526 2857 1663 2912 serenus,

909 2945 1063 3004 certantes
1080 2942 1206 3021 pariter
1227 2942 1300 3022 quis
1322 2942 1376 3004 cui
1397 2941 1501 3006 maior
1522 2941 1591 3017 erit,

798 3073 821 3112 a
838 3042 984 3124 plurimo
1005 3044 1200 3125 pauperibus
1222 3045 1394 3110 tribuentes
1415 3045 1511 3109 dicite
1534 3065 1630 3108 ceusu

912 3148 1024 3212 misere
1045 3148 1089 3212 ad
1110 3147 1211 3213 caelos
1232 3170 1314 3230 quas
1335 3154 1539 3231 sequerentur
1560 3169 1640 3228 opes.

844 3273 922 3333 quos
943 3257 1108 3334 spurpeute
1128 3273 1230 3318 mauu
1250 3255 1435 3318 redimentes
1457 3253 1593 3317 crimina
1616 3250 1728 3314 usundi

909 3356 992 3420 inter
1013 3355 1198 3436 apostolicos
1220 3359 1377 3424 credimus
1399 3379 1463 3422 esse
1484 3356 1601 3421 cheros.

844 3459 950 3540 felices
971 3462 1028 3541 qui
1049 3462 1096 3524 sic
1118 3461 1156 3525 de
1177 3461 1339 3528 monnau
1360 3461 1470 3545 fupaci

800 3595 825 3634 m
911 3565 1042 3628 murati
1064 3565 1100 3629 in
1122 3563 1217 3630 caelis
1238 3567 1314 3630 iuro
1336 3571 1466 3630 senatus
1488 3561 1622 3628 habeut!

618 3700 776 3766 Votorum
798 3722 883 3787 quac
906 3702 936 3765 ei
959 3701 1113 3768 Sidonius
1136 3703 1262 3770 fecerat
1283 3701 1398 3768 horum
1423 3701 1474 3786 (O.
1498 3701 1558 3784 XI,
1584 3701 1673 3788 131):

1220 3822 1354 3903 feliciter
1376 3843 1488 3888 cecum

846 3927 951 3992 ducite
973 3929 1157 4005 corumdem
1181 3928 1247 3992 siut
1268 3929 1340 3992 noti
1361 3927 1487 4008 mulque
1509 3932 1650 4010 nepotem

846 4035 955 4095 cernat
977 4035 1007 4094 et
1028 4031 1065 4095 in
1079 4051 1201 4112 mcccc
1223 4030 1345 4095 sihinut
1367 4030 1451 4111 quod
1466 4050 1624 4112 martures
1647 4035 1736 4111 optet,

512 4170 647 4236 compos
679 4150 785 4215 lactus
815 4156 864 4214 cst
892 4151 1056 4216 Ruricius.
1105 4151 1158 4217 De
1188 4151 1299 4216 liberis
1328 4153 1399 4217 eius
1430 4173 1529 4238 supra
1558 4153 1628 4238 egi3
1664 4158 1791 4218 restant
1817 4157 1966 4237 nepotes.
2009 4148 2062 4212 Ad
2090 4146 2170 4210 Par-

512 4252 659 4318 thenium
684 4259 718 4320 et
732 4252 949 4340 Papianillam
974 4254 1182 4320 dulcissimos
1206 4263 1342 4342 nepotes
1365 4276 1440 4320 suos
1461 4256 1617 4321 Ruricius
1641 4255 1766 4320 litteras
1789 4253 1878 4318 dedit
1898 4253 1939 4318 R.
1955 4252 1989 4318 II
2006 4255 2057 4332 37,
2080 4257 2171 4337 post-

512 4379 610 4444 quem
626 4379 701 4422 oum
717 4358 908 4422 inciserunt.
931 4357 1081 4423 Eundem
1098 4359 1311 4426 Parthenium
1328 4359 1481 4425 Caesario
1497 4361 1681 4425 Arelatensi
1699 4358 1941 4425 commendavit
1955 4359 2002 4446 (p.
2019 4358 2092 4437 339,
2108 4358 2171 4438 12).

512 4462 696 4549 Papianilla
719 4469 829 4526 autem
851 4462 974 4527 femina
996 4463 1125 4529 videtur
1148 4486 1239 4546 csse,
1263 4485 1347 4550 quae
1371 4465 1559 4548 Agricolam
1583 4485 1678 4529 avum
1702 4463 1796 4544 lecit,
1819 4462 1990 4528 Ruricium
2013 4480 2172 4547 proavum

512 4565 559 4652 (p.
577 4563 729 4650 336,10).
776 4565 882 4639 Quam
907 4588 980 4631 eum
1003 4566 1157 4632 Ruricius
1180 4568 1226 4631 illi
1248 4569 1295 4632 ita
1318 4567 1539 4648 commendat,
1567 4574 1604 4633 ut
1633 4588 1696 4653 quo
1726 4587 1799 4633 eam
1827 4566 2010 4652 susceperit
2040 4564 2170 4642 affectu,

511 4690 641 4756 semper
667 4670 779 4734 foreat
805 4668 942 4734 indultu
963 4669 1009 4758 (p.
1033 4673 1106 4751 336,
1120 4674 1163 4754 8),
1194 4673 1341 4758 sequitur
1364 4692 1437 4736 cam
1460 4693 1577 4736 nurum
1601 4671 1705 4737 luisse
1733 4670 1928 4757 Agricolae,
1957 4669 2172 4734 Parthenium

510 4773 688 4859 Agricolae
717 4773 819 4837 filium
847 4794 890 4839 ex
917 4775 984 4839 filia
1006 4774 1130 4840 Ruricii
1157 4777 1305 4860 genitum
1334 4775 1475 4861 (poto,
1497 4774 1559 4860 10).
1604 4774 1751 4861 Nepotes
1781 4775 1803 4839 ii
1830 4774 2056 4840 funestissimo
2081 4773 2172 4838 exitu

510 4878 611 4943 vitam
633 4877 819 4942 finiverunt.
865 4877 1083 4964 Papianillam
1107 4879 1193 4943 enim
1216 4901 1283 4944 una
1306 4901 1380 4945 cum
1396 4879 1545 4944 Ausanio
1569 4880 1674 4943 amico
1699 4899 1758 4943 suo
1774 4878 1971 4944 Parthenius
1988 4878 2171 4950 interiecit;

510 4983 582 5068 ipse
606 4981 741 5047 Francis
766 5003 889 5047 exosus
912 5003 940 5046 a.
959 4985 1021 5047 548
1044 4982 1207 5069 lapidibus
1232 4983 1367 5048 obrutus
1391 4992 1451 5048 est.
1496 4983 1591 5048 Haec
1615 4983 1662 5046 sic
1686 4989 1857 5047 narrantur
1880 4983 2077 5068 aGregorio
2094 4981 2171 5046 Tur.

510 5086 588 5151 hist.
611 5085 664 5150 Fr.
689 5085 751 5166 111,
764 5089 820 5151 36;
848 5085 986 5164 Frami,
1009 5087 1126 5173 inquit,
1149 5108 1220 5150 cum
1243 5085 1453 5151 Parthenium
1479 5087 1515 5149 in
1537 5085 1607 5150 odio
1634 5105 1747 5168 nropm
1773 5085 1930 5164 haherent,
1949 5107 2010 5170 pro
2034 5105 2067 5150 eo
2089 5085 2174 5167 quod

509 5190 556 5254 eis
571 5190 692 5255 trunca
708 5190 862 5254 antedicti
876 5191 958 5273 repis
970 5190 1205 5276 (Theodobcrti
1222 5191 1306 5277 soil.)
1320 5197 1454 5275 ternpore
1468 5189 1648 5269 inflicissct,
1664 5211 1735 5255 cum
1742 5191 1894 5271 persequi
1907 5195 2081 5272 coeperunt.
2110 5190 2134 5253 I
2134 5187 2174 5252 lle

510 5313 580 5357 ocra
603 5293 639 5357 in
654 5291 838 5372 periculum
859 5314 891 5358 sc
906 5294 1050 5374 positum
1071 5315 1200 5358 cuncus
1225 5293 1408 5376 coufupium
1423 5294 1462 5358 ch
1476 5294 1553 5358 urhe
1575 5293 1656 5374 facit
1684 5315 1721 5357 ac
1738 5294 1858 5359 duobus
1873 5294 2028 5376 erucopis
2048 5293 2172 5376 suppli-

510 5396 588 5459 citer
610 5401 736 5474 exorat,
759 5401 797 5459 ut
819 5417 890 5460 cum
911 5397 955 5461 act
976 5397 1085 5462 urbem
1109 5396 1308 5462 Trecereeam
1330 5397 1514 5462 decumus
1534 5396 1650 5479 pepuli
1676 5398 1847 5464 saeuientes
1873 5397 2057 5464 seditionem
2078 5418 2172 5462 suam

504 5499 745 5580 praedicatione
766 5505 1028 5580 conpracmerent.
1066 5501 1189 5583 Quibus
1210 5502 1365 5580 euntibus,
1388 5506 1484 5581 nocte,
1505 5503 1582 5567 dum
1600 5502 1637 5566 iu
1657 5507 1757 5568 strato
1772 5523 1830 5567 suc
1846 5503 2047 5580 demutheret,
2068 5502 2172 5568 subito
2224 5496 2229 5504 ’
2302 5573 2304 5578 A

504 5623 566 5688 per
585 5603 742 5669 somnium
764 5624 866 5668 ccccm
882 5624 1031 5686 maprram
1046 5605 1168 5684 emittit,
1191 5605 1314 5670 dicens:
1336 5605 1429 5672 Heu!
1451 5606 1529 5672 heu!
1551 5606 1728 5671 succurrite
1750 5607 1806 5690 qui
1827 5607 1947 5673 adestis
1968 5611 1998 5672 et
2011 5605 2173 5672 cautim
