<?xml version="1.0" encoding="UTF-8"?>
<!DOCTYPE html PUBLIC "-//W3C//DTD XHTML 1.0 Transitional//EN"
    "http://www.w3.org/TR/xhtml1/DTD/xhtml1-transitional.dtd">
<html xmlns="http://www.w3.org/1999/xhtml" xml:lang="en" lang="en">
 <head>
  <title>
</title>
<meta http-equiv="Content-Type" content="text/html;charset=utf-8" />
  <meta name='ocr-system' content='tesseract 3.04.00' />
  <meta name='ocr-capabilities' content='ocr_page ocr_carea ocr_par ocr_line ocrx_word'/>
</head>
<body>
  <div class='ocr_page' id='page_1' title='image "./monumentagerman03mittgoog/monumentagerman03mittgoog_0401.png"; bbox 0 0 4560 6434; ppageno 0'>
   <div class='ocr_carea' id='block_1_1' title="bbox 415 425 1445 488">
    <p class='ocr_par' dir='ltr' id='par_1_1' title="bbox 415 425 1445 488">
     <span class='ocr_line' id='line_1_1' title="bbox 415 425 1445 488; baseline -0.007 -1"><span class='ocrx_word' id='word_1_1' title='bbox 415 426 477 488; x_wconf 86' lang='grc'><strong>314</strong></span> <span class='ocrx_word' id='word_1_2' title='bbox 1028 427 1168 484; x_wconf 79' lang='lat' dir='ltr'>RURIOII</span> <span class='ocrx_word' id='word_1_3' title='bbox 1186 425 1445 483; x_wconf 80' lang='lat' dir='ltr'>EPISTULARUM</span> 
     </span>
    </p>
   </div>
   <div class='ocr_carea' id='block_1_2' title="bbox 272 591 2187 4845">
    <p class='ocr_par' dir='ltr' id='par_1_2' title="bbox 272 591 2187 4845">
     <span class='ocr_line' id='line_1_2' title="bbox 327 591 2062 689; baseline 0.003 -25"><span class='ocrx_word' id='word_1_4' title='bbox 327 591 361 664; x_wconf 79' lang='lat' dir='ltr'><em>G</em></span> <span class='ocrx_word' id='word_1_5' title='bbox 415 596 541 662; x_wconf 88' lang='lat' dir='ltr'><strong>solebat</strong></span> <span class='ocrx_word' id='word_1_6' title='bbox 574 605 608 663; x_wconf 93' lang='lat' dir='ltr'><strong>et</strong></span> <span class='ocrx_word' id='word_1_7' title='bbox 635 601 765 684; x_wconf 79' lang='lat' dir='ltr'><strong>gratior,</strong></span> <span class='ocrx_word' id='word_1_8' title='bbox 798 606 831 664; x_wconf 89' lang='lat' dir='ltr'><strong>et</strong></span> <span class='ocrx_word' id='word_1_9' title='bbox 854 603 944 686; x_wconf 89' lang='lat' dir='ltr'><strong>quasi</strong></span> <span class='ocrx_word' id='word_1_10' title='bbox 978 607 1168 666; x_wconf 89' lang='lat' dir='ltr'><strong>ornamento</strong></span> <span class='ocrx_word' id='word_1_11' title='bbox 1200 601 1331 688; x_wconf 90' lang='lat' dir='ltr'><strong>proprio</strong></span> <span class='ocrx_word' id='word_1_12' title='bbox 1360 603 1518 687; x_wconf 90' lang='lat' dir='ltr'><strong>spoliatus</strong></span> <span class='ocrx_word' id='word_1_13' title='bbox 1542 603 1621 667; x_wconf 93' lang='lat' dir='ltr'><strong>mihi</strong></span> <span class='ocrx_word' id='word_1_14' title='bbox 1645 609 1679 666; x_wconf 88' lang='lat' dir='ltr'><strong>ct</strong></span> <span class='ocrx_word' id='word_1_15' title='bbox 1701 602 1875 668; x_wconf 88' lang='lat' dir='ltr'><strong>indecorus</strong></span> <span class='ocrx_word' id='word_1_16' title='bbox 1902 604 2062 689; x_wconf 88' lang='lat' dir='ltr'><strong>appamit.</strong></span> 
     </span>
     <span class='ocr_line' id='line_1_3' title="bbox 384 702 2061 794; baseline 0.004 -29"><span class='ocrx_word' id='word_1_17' title='bbox 384 702 505 765; x_wconf 85' lang='lat' dir='ltr'><strong>8norit</strong></span> <span class='ocrx_word' id='word_1_18' title='bbox 528 702 598 781; x_wconf 90' lang='lat' dir='ltr'><strong>ille,</strong></span> <span class='ocrx_word' id='word_1_19' title='bbox 622 704 739 768; x_wconf 86' lang='lat' dir='ltr'><strong>fratres</strong></span> <span class='ocrx_word' id='word_1_20' title='bbox 764 704 939 784; x_wconf 79' lang='lat' dir='ltr'><strong>carissimi,</strong></span> <span class='ocrx_word' id='word_1_21' title='bbox 963 705 1017 790; x_wconf 93' lang='lat' dir='ltr'><strong>qui</strong></span> <span class='ocrx_word' id='word_1_22' title='bbox 1042 704 1185 769; x_wconf 91' lang='lat' dir='ltr'><strong>cordium</strong></span> <span class='ocrx_word' id='word_1_23' title='bbox 1211 704 1340 769; x_wconf 87' lang='lat' dir='ltr'><strong>occulta</strong></span> <span class='ocrx_word' id='word_1_24' title='bbox 1363 704 1507 782; x_wconf 80' lang='lat' dir='ltr'><strong>rimatur,</strong></span> <span class='ocrx_word' id='word_1_25' title='bbox 1532 706 1619 790; x_wconf 91' lang='lat' dir='ltr'><strong>quod</strong></span> <span class='ocrx_word' id='word_1_26' title='bbox 1641 708 1686 770; x_wconf 79' lang='lat' dir='ltr'><strong>ita</strong></span> <span class='ocrx_word' id='word_1_27' title='bbox 1708 706 1788 770; x_wconf 92' lang='lat' dir='ltr'><strong>mihi</strong></span> <span class='ocrx_word' id='word_1_28' title='bbox 1811 707 1903 770; x_wconf 90' lang='lat' dir='ltr'><strong>dolor</strong></span> <span class='ocrx_word' id='word_1_29' title='bbox 1926 714 2061 794; x_wconf 89' lang='lat' dir='ltr'><strong>repente</strong></span> 
     </span>
     <span class='ocr_line' id='line_1_4' title="bbox 414 807 2061 895; baseline 0.004 -25"><span class='ocrx_word' id='word_1_30' title='bbox 414 807 597 891; x_wconf 85' lang='lat' dir='ltr'><strong>geminatus</strong></span> <span class='ocrx_word' id='word_1_31' title='bbox 620 816 681 884; x_wconf 59' lang='lat' dir='ltr'><strong>est,</strong></span> <span class='ocrx_word' id='word_1_32' title='bbox 695 816 727 873; x_wconf 90' lang='lat' dir='ltr'><strong>et</strong></span> <span class='ocrx_word' id='word_1_33' title='bbox 750 810 797 874; x_wconf 89' lang='lat' dir='ltr'><strong>ita</strong></span> <span class='ocrx_word' id='word_1_34' title='bbox 819 810 899 874; x_wconf 90' lang='lat' dir='ltr'><strong>milri</strong></span> <span class='ocrx_word' id='word_1_35' title='bbox 921 832 982 895; x_wconf 90' lang='lat' dir='ltr'><strong>per</strong></span> <span class='ocrx_word' id='word_1_36' title='bbox 1004 810 1151 895; x_wconf 86' lang='lat' dir='ltr'><strong>singulos</strong></span> <span class='ocrx_word' id='word_1_37' title='bbox 1175 809 1245 874; x_wconf 88' lang='lat' dir='ltr'><strong>dies</strong></span> <span class='ocrx_word' id='word_1_38' title='bbox 1271 808 1311 874; x_wconf 90' lang='lat' dir='ltr'><strong>de</strong></span> <span class='ocrx_word' id='word_1_39' title='bbox 1335 815 1426 874; x_wconf 89' lang='lat' dir='ltr'><strong>tanta</strong></span> <span class='ocrx_word' id='word_1_40' title='bbox 1449 810 1557 875; x_wconf 90' lang='lat' dir='ltr'><strong>indole</strong></span> <span class='ocrx_word' id='word_1_41' title='bbox 1581 811 1669 875; x_wconf 88' lang='lat' dir='ltr'><strong>illius</strong></span> <span class='ocrx_word' id='word_1_42' title='bbox 1693 815 1726 873; x_wconf 90' lang='lat' dir='ltr'><strong>et</strong></span> <span class='ocrx_word' id='word_1_43' title='bbox 1747 809 1841 874; x_wconf 90' lang='lat' dir='ltr'><strong>istius</strong></span> <span class='ocrx_word' id='word_1_44' title='bbox 1857 809 2061 876; x_wconf 78' lang='lat' dir='ltr'><strong>desolatione</strong></span> 
     </span>
     <span class='ocr_line' id='line_1_5' title="bbox 414 912 2060 1000; baseline 0.004 -26"><span class='ocrx_word' id='word_1_45' title='bbox 414 913 551 976; x_wconf 79' lang='lat' dir='ltr'><strong>allectus</strong></span> <span class='ocrx_word' id='word_1_46' title='bbox 589 912 774 999; x_wconf 82' lang='lat' dir='ltr'><strong>duplicatur</strong></span> <span class='ocrx_word' id='word_1_47' title='bbox 811 919 844 977; x_wconf 92' lang='lat' dir='ltr'><strong>et</strong></span> <span class='ocrx_word' id='word_1_48' title='bbox 886 913 1007 992; x_wconf 89' lang='lat' dir='ltr'><strong>luctus,</strong></span> <span class='ocrx_word' id='word_1_49' title='bbox 1050 919 1087 977; x_wconf 91' lang='lat' dir='ltr'><strong>ut</strong></span> <span class='ocrx_word' id='word_1_50' title='bbox 1121 935 1182 978; x_wconf 90' lang='lat' dir='ltr'><strong>nec</strong></span> <span class='ocrx_word' id='word_1_51' title='bbox 1222 913 1307 977; x_wconf 91' lang='lat' dir='ltr'><strong>huuc</strong></span> <span class='ocrx_word' id='word_1_52' title='bbox 1343 914 1492 1000; x_wconf 79' lang='lat' dir='ltr'><strong>aspicere</strong></span> <span class='ocrx_word' id='word_1_53' title='bbox 1535 935 1596 979; x_wconf 88' lang='lat' dir='ltr'><strong>neo</strong></span> <span class='ocrx_word' id='word_1_54' title='bbox 1637 914 1723 979; x_wconf 92' lang='lat' dir='ltr'><strong>illius</strong></span> <span class='ocrx_word' id='word_1_55' title='bbox 1762 913 1949 978; x_wconf 78' lang='lat' dir='ltr'><strong>meminisse</strong></span> <span class='ocrx_word' id='word_1_56' title='bbox 1991 916 2060 980; x_wconf 89' lang='lat' dir='ltr'><strong>sine</strong></span> 
     </span>
     <span class='ocr_line' id='line_1_6' title="bbox 414 1016 2115 1104; baseline 0.002 -25"><span class='ocrx_word' id='word_1_57' title='bbox 414 1016 557 1081; x_wconf 83' lang='lat' dir='ltr'><strong>lacrimis</strong></span> <span class='ocrx_word' id='word_1_58' title='bbox 580 1037 697 1102; x_wconf 88' lang='lat' dir='ltr'><strong>queam</strong></span> <span class='ocrx_word' id='word_1_59' title='bbox 721 1023 755 1082; x_wconf 90' lang='lat' dir='ltr'><strong>et</strong></span> <span class='ocrx_word' id='word_1_60' title='bbox 775 1017 1003 1102; x_wconf 84' lang='lat' dir='ltr'><strong>propheticum</strong></span> <span class='ocrx_word' id='word_1_61' title='bbox 1026 1017 1118 1082; x_wconf 91' lang='lat' dir='ltr'><strong>illum</strong></span> <span class='ocrx_word' id='word_1_62' title='bbox 1141 1017 1270 1103; x_wconf 89' lang='lat' dir='ltr'><strong>saepius</strong></span> <span class='ocrx_word' id='word_1_63' title='bbox 1286 1017 1407 1082; x_wconf 89' lang='lat' dir='ltr'><strong>dicam:</strong></span> <span class='ocrx_word' id='word_1_64' title='bbox 1432 1018 1516 1102; x_wconf 90' lang='lat' dir='ltr'><strong>quis</strong></span> <span class='ocrx_word' id='word_1_65' title='bbox 1539 1017 1646 1082; x_wconf 89' lang='lat' dir='ltr'><strong>dabit</strong></span> <span class='ocrx_word' id='word_1_66' title='bbox 1668 1018 1794 1103; x_wconf 90' lang='lat' dir='ltr'><strong>capiti</strong></span> <span class='ocrx_word' id='word_1_67' title='bbox 1817 1038 1901 1082; x_wconf 90' lang='lat' dir='ltr'><strong>mco</strong></span> <span class='ocrx_word' id='word_1_68' title='bbox 1926 1040 2062 1104; x_wconf 89' lang='lat' dir='ltr'><strong>aquam</strong></span> <span class='ocrx_word' id='word_1_69' title='bbox 2103 1033 2115 1070; x_wconf 81' lang='lat'>⁵</span> 
     </span>
     <span class='ocr_line' id='line_1_7' title="bbox 383 1119 2061 1208; baseline 0.001 -24"><span class='ocrx_word' id='word_1_70' title='bbox 383 1123 451 1185; x_wconf 79' lang='lat' dir='ltr'><strong>ast</strong></span> <span class='ocrx_word' id='word_1_71' title='bbox 478 1121 606 1185; x_wconf 88' lang='lat' dir='ltr'><strong>oculis</strong></span> <span class='ocrx_word' id='word_1_72' title='bbox 636 1121 732 1186; x_wconf 92' lang='lat' dir='ltr'><strong>meis</strong></span> <span class='ocrx_word' id='word_1_73' title='bbox 763 1121 911 1185; x_wconf 86' lang='lat' dir='ltr'><strong>fontem</strong></span> <span class='ocrx_word' id='word_1_74' title='bbox 937 1122 1230 1186; x_wconf 84' lang='lat' dir='ltr'><strong>lacrimarum?</strong></span> <span class='ocrx_word' id='word_1_75' title='bbox 1275 1121 1333 1186; x_wconf 90' lang='lat' dir='ltr'><strong>sed</strong></span> <span class='ocrx_word' id='word_1_76' title='bbox 1363 1119 1418 1186; x_wconf 90' lang='lat' dir='ltr'><strong>illa</strong></span> <span class='ocrx_word' id='word_1_77' title='bbox 1442 1123 1554 1207; x_wconf 94' lang='lat' dir='ltr'><strong>populi</strong></span> <span class='ocrx_word' id='word_1_78' title='bbox 1578 1123 1628 1187; x_wconf 92' lang='lat' dir='ltr'><strong>sui</strong></span> <span class='ocrx_word' id='word_1_79' title='bbox 1650 1128 1787 1208; x_wconf 86' lang='lat' dir='ltr'><strong>peccata</strong></span> <span class='ocrx_word' id='word_1_80' title='bbox 1809 1121 1966 1202; x_wconf 87' lang='lat' dir='ltr'><strong>deflebat,</strong></span> <span class='ocrx_word' id='word_1_81' title='bbox 1999 1143 2061 1206; x_wconf 86' lang='lat' dir='ltr'><strong>ego</strong></span> 
     </span>
     <span class='ocr_line' id='line_1_8' title="bbox 415 1223 2061 1310; baseline 0.002 -24"><span class='ocrx_word' id='word_1_82' title='bbox 415 1243 492 1286; x_wconf 85' lang='lat' dir='ltr'><strong>vero</strong></span> <span class='ocrx_word' id='word_1_83' title='bbox 514 1223 656 1310; x_wconf 88' lang='lat' dir='ltr'><strong>propria,</strong></span> <span class='ocrx_word' id='word_1_84' title='bbox 680 1245 763 1309; x_wconf 90' lang='lat' dir='ltr'><strong>quae</strong></span> <span class='ocrx_word' id='word_1_85' title='bbox 788 1230 821 1288; x_wconf 92' lang='lat' dir='ltr'><strong>et</strong></span> <span class='ocrx_word' id='word_1_86' title='bbox 844 1246 895 1289; x_wconf 92' lang='lat' dir='ltr'><strong>me</strong></span> <span class='ocrx_word' id='word_1_87' title='bbox 921 1231 953 1288; x_wconf 91' lang='lat' dir='ltr'><strong>et</strong></span> <span class='ocrx_word' id='word_1_88' title='bbox 976 1247 1034 1289; x_wconf 89' lang='lat' dir='ltr'><strong>vos</strong></span> <span class='ocrx_word' id='word_1_89' title='bbox 1058 1224 1202 1310; x_wconf 88' lang='lat' dir='ltr'><strong>pondere</strong></span> <span class='ocrx_word' id='word_1_90' title='bbox 1227 1245 1286 1289; x_wconf 87' lang='lat' dir='ltr'><strong>suo</strong></span> <span class='ocrx_word' id='word_1_91' title='bbox 1310 1231 1344 1287; x_wconf 91' lang='lat' dir='ltr'><strong>et</strong></span> <span class='ocrx_word' id='word_1_92' title='bbox 1367 1225 1601 1289; x_wconf 86' lang='lat' dir='ltr'><strong>numerositate</strong></span> <span class='ocrx_word' id='word_1_93' title='bbox 1622 1231 1821 1310; x_wconf 88' lang='lat' dir='ltr'><strong>pressemnt,</strong></span> <span class='ocrx_word' id='word_1_94' title='bbox 1845 1246 1905 1310; x_wconf 83' lang='lat' dir='ltr'><strong>ego</strong></span> <span class='ocrx_word' id='word_1_95' title='bbox 1922 1231 1957 1290; x_wconf 89' lang='lat' dir='ltr'><strong>ut</strong></span> <span class='ocrx_word' id='word_1_96' title='bbox 1972 1225 2061 1290; x_wconf 86' lang='lat' dir='ltr'><strong>illius</strong></span> 
     </span>
     <span class='ocr_line' id='line_1_9' title="bbox 272 1328 2062 1414; baseline 0.006 -30"><span class='ocrx_word' id='word_1_97' title='bbox 272 1381 286 1402; x_wconf 62' lang='lat'><strong><em>„</em></strong></span> <span class='ocrx_word' id='word_1_98' title='bbox 367 1331 553 1392; x_wconf 78' lang='lat' dir='ltr'><strong>ldmortam</strong></span> <span class='ocrx_word' id='word_1_99' title='bbox 577 1333 610 1392; x_wconf 92' lang='lat' dir='ltr'><strong>et</strong></span> <span class='ocrx_word' id='word_1_100' title='bbox 632 1349 738 1392; x_wconf 92' lang='lat' dir='ltr'><strong>meam</strong></span> <span class='ocrx_word' id='word_1_101' title='bbox 762 1328 872 1408; x_wconf 83' lang='lat' dir='ltr'><strong>vitam,</strong></span> <span class='ocrx_word' id='word_1_102' title='bbox 895 1335 932 1392; x_wconf 90' lang='lat' dir='ltr'><strong>ut</strong></span> <span class='ocrx_word' id='word_1_103' title='bbox 954 1328 1042 1392; x_wconf 89' lang='lat' dir='ltr'><strong>illam</strong></span> <span class='ocrx_word' id='word_1_104' title='bbox 1068 1328 1254 1394; x_wconf 81' lang='lat' dir='ltr'><strong>defunctam</strong></span> <span class='ocrx_word' id='word_1_105' title='bbox 1278 1334 1311 1392; x_wconf 90' lang='lat' dir='ltr'><strong>et</strong></span> <span class='ocrx_word' id='word_1_106' title='bbox 1334 1349 1386 1392; x_wconf 91' lang='lat' dir='ltr'><strong>me</strong></span> <span class='ocrx_word' id='word_1_107' title='bbox 1411 1329 1620 1414; x_wconf 89' lang='lat' dir='ltr'><strong>superstitem</strong></span> <span class='ocrx_word' id='word_1_108' title='bbox 1643 1330 1806 1414; x_wconf 82' lang='lat' dir='ltr'><strong>plangam.</strong></span> <span class='ocrx_word' id='word_1_109' title='bbox 1852 1330 1949 1414; x_wconf 81' lang='lat' dir='ltr'><strong>louge</strong></span> <span class='ocrx_word' id='word_1_110' title='bbox 1973 1329 2062 1394; x_wconf 87' lang='lat' dir='ltr'><strong>aliud</strong></span> 
     </span>
     <span class='ocr_line' id='line_1_10' title="bbox 415 1430 2062 1516; baseline 0.002 -22"><span class='ocrx_word' id='word_1_111' title='bbox 415 1430 490 1510; x_wconf 93' lang='lat' dir='ltr'><strong>tibi,</strong></span> <span class='ocrx_word' id='word_1_112' title='bbox 518 1431 716 1496; x_wconf 87' lang='lat' dir='ltr'><strong>venerabilis</strong></span> <span class='ocrx_word' id='word_1_113' title='bbox 740 1452 841 1511; x_wconf 86' lang='lat' dir='ltr'><strong>soror,</strong></span> <span class='ocrx_word' id='word_1_114' title='bbox 874 1433 967 1516; x_wconf 87' lang='lat' dir='ltr'><strong>quasi</strong></span> <span class='ocrx_word' id='word_1_115' title='bbox 989 1431 1030 1495; x_wconf 92' lang='lat' dir='ltr'><strong>de</strong></span> <span class='ocrx_word' id='word_1_116' title='bbox 1054 1431 1174 1495; x_wconf 87' lang='lat' dir='ltr'><strong>nostris</strong></span> <span class='ocrx_word' id='word_1_117' title='bbox 1197 1431 1321 1495; x_wconf 89' lang='lat' dir='ltr'><strong>meritis</strong></span> <span class='ocrx_word' id='word_1_118' title='bbox 1349 1432 1598 1515; x_wconf 86' lang='lat' dir='ltr'><strong>praesumebas,</strong></span> <span class='ocrx_word' id='word_1_119' title='bbox 1628 1454 1700 1497; x_wconf 92' lang='lat' dir='ltr'><strong>cum</strong></span> <span class='ocrx_word' id='word_1_120' title='bbox 1729 1440 1855 1498; x_wconf 89' lang='lat' dir='ltr'><strong>tantum</strong></span> <span class='ocrx_word' id='word_1_121' title='bbox 1883 1433 1941 1498; x_wconf 91' lang='lat' dir='ltr'><strong>tibi</strong></span> <span class='ocrx_word' id='word_1_122' title='bbox 1964 1434 2062 1497; x_wconf 86' lang='lat' dir='ltr'><strong>nimia</strong></span> 
     </span>
     <span class='ocr_line' id='line_1_11' title="bbox 415 1534 2116 1621; baseline 0.001 -23"><span class='ocrx_word' id='word_1_123' title='bbox 415 1536 550 1600; x_wconf 87' lang='lat' dir='ltr'><strong>caritate</strong></span> <span class='ocrx_word' id='word_1_124' title='bbox 575 1535 715 1621; x_wconf 87' lang='lat' dir='ltr'><strong>decepta</strong></span> <span class='ocrx_word' id='word_1_125' title='bbox 737 1534 778 1599; x_wconf 89' lang='lat' dir='ltr'><strong>de</strong></span> <span class='ocrx_word' id='word_1_126' title='bbox 802 1535 921 1599; x_wconf 89' lang='lat' dir='ltr'><strong>nostris</strong></span> <span class='ocrx_word' id='word_1_127' title='bbox 945 1535 1157 1614; x_wconf 85' lang='lat' dir='ltr'><strong>orationibus,</strong></span> <span class='ocrx_word' id='word_1_128' title='bbox 1181 1555 1232 1599; x_wconf 91' lang='lat' dir='ltr'><strong>me</strong></span> <span class='ocrx_word' id='word_1_129' title='bbox 1256 1535 1440 1610; x_wconf 77' lang='lat' dir='ltr'><strong>refellente,</strong></span> <span class='ocrx_word' id='word_1_130' title='bbox 1464 1536 1682 1620; x_wconf 86' lang='lat' dir='ltr'><strong>promitteres,</strong></span> <span class='ocrx_word' id='word_1_131' title='bbox 1705 1543 1743 1601; x_wconf 91' lang='lat' dir='ltr'><strong>ut</strong></span> <span class='ocrx_word' id='word_1_132' title='bbox 1766 1543 1800 1602; x_wconf 91' lang='lat' dir='ltr'><strong>et</strong></span> <span class='ocrx_word' id='word_1_133' title='bbox 1825 1536 1953 1600; x_wconf 93' lang='lat' dir='ltr'><strong>domum</strong></span> <span class='ocrx_word' id='word_1_134' title='bbox 1970 1543 2060 1601; x_wconf 84' lang='lat' dir='ltr'><strong>tuam</strong></span> <span class='ocrx_word' id='word_1_135' title='bbox 2090 1551 2116 1589; x_wconf 89' lang='lat'><strong>¹⁰</strong></span> 
     </span>
     <span class='ocr_line' id='line_1_12' title="bbox 416 1635 2061 1724; baseline 0.001 -22"><span class='ocrx_word' id='word_1_136' title='bbox 416 1645 527 1705; x_wconf 88' lang='lat' dir='ltr'><strong>nostra</strong></span> <span class='ocrx_word' id='word_1_137' title='bbox 550 1639 785 1704; x_wconf 88' lang='lat' dir='ltr'><strong>intercessione</strong></span> <span class='ocrx_word' id='word_1_138' title='bbox 810 1635 1000 1703; x_wconf 82' lang='lat' dir='ltr'><strong>salvandam</strong></span> <span class='ocrx_word' id='word_1_139' title='bbox 1024 1644 1057 1702; x_wconf 89' lang='lat' dir='ltr'><strong>ct</strong></span> <span class='ocrx_word' id='word_1_140' title='bbox 1079 1638 1179 1702; x_wconf 86' lang='lat' dir='ltr'><strong>filiam</strong></span> <span class='ocrx_word' id='word_1_141' title='bbox 1202 1659 1261 1724; x_wconf 90' lang='lat' dir='ltr'><strong>per</strong></span> <span class='ocrx_word' id='word_1_142' title='bbox 1282 1659 1349 1715; x_wconf 91' lang='lat' dir='ltr'><strong>me,</strong></span> <span class='ocrx_word' id='word_1_143' title='bbox 1379 1643 1416 1701; x_wconf 88' lang='lat' dir='ltr'><strong>ut</strong></span> <span class='ocrx_word' id='word_1_144' title='bbox 1438 1639 1485 1703; x_wconf 89' lang='lat' dir='ltr'><strong>ita</strong></span> <span class='ocrx_word' id='word_1_145' title='bbox 1507 1638 1629 1720; x_wconf 87' lang='lat' dir='ltr'><strong>dicam,</strong></span> <span class='ocrx_word' id='word_1_146' title='bbox 1660 1640 1728 1706; x_wconf 84' lang='lat' dir='ltr'><strong>foro</strong></span> <span class='ocrx_word' id='word_1_147' title='bbox 1752 1639 1906 1705; x_wconf 88' lang='lat' dir='ltr'><strong>crederes</strong></span> <span class='ocrx_word' id='word_1_148' title='bbox 1930 1641 2061 1705; x_wconf 91' lang='lat' dir='ltr'><strong>immor·</strong></span> 
     </span>
     <span class='ocr_line' id='line_1_13' title="bbox 367 1743 2061 1830; baseline 0.001 -24"><span class='ocrx_word' id='word_1_149' title='bbox 367 1747 401 1806; x_wconf 87' lang='lat' dir='ltr'><strong>ll</strong></span> <span class='ocrx_word' id='word_1_150' title='bbox 415 1744 527 1810; x_wconf 89' lang='lat' dir='ltr'><strong>talem.</strong></span> <span class='ocrx_word' id='word_1_151' title='bbox 572 1743 629 1808; x_wconf 89' lang='lat' dir='ltr'><strong>sed</strong></span> <span class='ocrx_word' id='word_1_152' title='bbox 653 1745 717 1808; x_wconf 91' lang='lat' dir='ltr'><strong>cito</strong></span> <span class='ocrx_word' id='word_1_153' title='bbox 740 1750 961 1830; x_wconf 85' lang='lat' dir='ltr'><strong>apparuerunt</strong></span> <span class='ocrx_word' id='word_1_154' title='bbox 982 1744 1098 1806; x_wconf 89' lang='lat' dir='ltr'><strong>merita</strong></span> <span class='ocrx_word' id='word_1_155' title='bbox 1120 1763 1204 1824; x_wconf 93' lang='lat' dir='ltr'><strong>mea,</strong></span> <span class='ocrx_word' id='word_1_156' title='bbox 1228 1763 1310 1828; x_wconf 89' lang='lat' dir='ltr'><strong>quae</strong></span> <span class='ocrx_word' id='word_1_157' title='bbox 1335 1747 1440 1806; x_wconf 88' lang='lat' dir='ltr'><strong>etms</strong></span> <span class='ocrx_word' id='word_1_158' title='bbox 1464 1743 1695 1809; x_wconf 86' lang='lat' dir='ltr'><strong>irremediabili</strong></span> <span class='ocrx_word' id='word_1_159' title='bbox 1717 1745 1852 1809; x_wconf 85' lang='lat' dir='ltr'><strong>vulnere</strong></span> <span class='ocrx_word' id='word_1_160' title='bbox 1877 1746 2061 1809; x_wconf 81' lang='lat' dir='ltr'><strong>sauciarent</strong></span> 
     </span>
     <span class='ocr_line' id='line_1_14' title="bbox 416 1845 2060 1934; baseline 0.001 -24"><span class='ocrx_word' id='word_1_161' title='bbox 416 1853 449 1911; x_wconf 91' lang='lat' dir='ltr'><strong>et</strong></span> <span class='ocrx_word' id='word_1_162' title='bbox 481 1853 512 1911; x_wconf 90' lang='lat' dir='ltr'><strong>te</strong></span> <span class='ocrx_word' id='word_1_163' title='bbox 545 1869 639 1912; x_wconf 87' lang='lat' dir='ltr'><strong>secus</strong></span> <span class='ocrx_word' id='word_1_164' title='bbox 673 1869 770 1934; x_wconf 88' lang='lat' dir='ltr'><strong>quam</strong></span> <span class='ocrx_word' id='word_1_165' title='bbox 804 1852 995 1934; x_wconf 89' lang='lat' dir='ltr'><strong>oportuerat</strong></span> <span class='ocrx_word' id='word_1_166' title='bbox 1029 1845 1069 1909; x_wconf 90' lang='lat' dir='ltr'><strong>da</strong></span> <span class='ocrx_word' id='word_1_167' title='bbox 1102 1850 1274 1930; x_wconf 85' lang='lat' dir='ltr'><strong>peccatore</strong></span> <span class='ocrx_word' id='word_1_168' title='bbox 1310 1845 1499 1911; x_wconf 89' lang='lat' dir='ltr'><strong>credentem</strong></span> <span class='ocrx_word' id='word_1_169' title='bbox 1530 1848 1612 1911; x_wconf 91' lang='lat' dir='ltr'><strong>tanti</strong></span> <span class='ocrx_word' id='word_1_170' title='bbox 1640 1849 1786 1934; x_wconf 87' lang='lat' dir='ltr'><strong>pignoris</strong></span> <span class='ocrx_word' id='word_1_171' title='bbox 1815 1849 1955 1913; x_wconf 89' lang='lat' dir='ltr'><strong>orbitate</strong></span> <span class='ocrx_word' id='word_1_172' title='bbox 1985 1869 2060 1934; x_wconf 92' lang='lat' dir='ltr'><strong>per-</strong></span> 
     </span>
     <span class='ocr_line' id='line_1_15' title="bbox 417 1949 2059 2031; baseline 0.001 -16"><span class='ocrx_word' id='word_1_173' title='bbox 417 1958 575 2016; x_wconf 89' lang='lat' dir='ltr'><strong>cuterent.</strong></span> <span class='ocrx_word' id='word_1_174' title='bbox 620 1953 672 2016; x_wconf 81' lang='lat' dir='ltr'><strong>vel</strong></span> <span class='ocrx_word' id='word_1_175' title='bbox 695 1974 781 2017; x_wconf 91' lang='lat' dir='ltr'><strong>nunc</strong></span> <span class='ocrx_word' id='word_1_176' title='bbox 804 1959 909 2030; x_wconf 86' lang='lat' dir='ltr'><strong>certa,</strong></span> <span class='ocrx_word' id='word_1_177' title='bbox 938 1952 971 2014; x_wconf 91' lang='lat' dir='ltr'><strong>in</strong></span> <span class='ocrx_word' id='word_1_178' title='bbox 996 1949 1128 2014; x_wconf 81' lang='lat' dir='ltr'><strong>Christo</strong></span> <span class='ocrx_word' id='word_1_179' title='bbox 1151 1950 1281 2014; x_wconf 90' lang='lat' dir='ltr'><strong>domino</strong></span> <span class='ocrx_word' id='word_1_180' title='bbox 1306 1950 1503 2016; x_wconf 86' lang='lat' dir='ltr'><strong>venerabilis</strong></span> <span class='ocrx_word' id='word_1_181' title='bbox 1526 1972 1627 2031; x_wconf 91' lang='lat' dir='ltr'><strong>soror,</strong></span> <span class='ocrx_word' id='word_1_182' title='bbox 1658 1961 1691 2018; x_wconf 90' lang='lat' dir='ltr'><strong>et</strong></span> <span class='ocrx_word' id='word_1_183' title='bbox 1715 1960 1747 2018; x_wconf 90' lang='lat' dir='ltr'><strong>te</strong></span> <span class='ocrx_word' id='word_1_184' title='bbox 1772 1954 1856 2018; x_wconf 87' lang='lat' dir='ltr'><strong>falsa</strong></span> <span class='ocrx_word' id='word_1_185' title='bbox 1883 1952 2059 2018; x_wconf 88' lang='lat' dir='ltr'><strong>credidisse</strong></span> 
     </span>
     <span class='ocr_line' id='line_1_16' title="bbox 368 2052 2117 2143; baseline 0.001 -25"><span class='ocrx_word' id='word_1_186' title='bbox 368 2060 450 2120; x_wconf 76' lang='lat' dir='ltr'><strong>laet</strong></span> <span class='ocrx_word' id='word_1_187' title='bbox 471 2077 522 2120; x_wconf 92' lang='lat' dir='ltr'><strong>mc</strong></span> <span class='ocrx_word' id='word_1_188' title='bbox 545 2077 624 2120; x_wconf 86' lang='lat' dir='ltr'><strong>vera</strong></span> <span class='ocrx_word' id='word_1_189' title='bbox 646 2056 770 2121; x_wconf 85' lang='lat' dir='ltr'><strong>dixisse</strong></span> <span class='ocrx_word' id='word_1_190' title='bbox 795 2076 987 2141; x_wconf 86' lang='lat' dir='ltr'><strong>cognosces.</strong></span> <span class='ocrx_word' id='word_1_191' title='bbox 1033 2053 1091 2118; x_wconf 93' lang='lat' dir='ltr'><strong>sed</strong></span> <span class='ocrx_word' id='word_1_192' title='bbox 1114 2053 1249 2118; x_wconf 92' lang='lat' dir='ltr'><strong>nimium</strong></span> <span class='ocrx_word' id='word_1_193' title='bbox 1273 2052 1329 2118; x_wconf 94' lang='lat' dir='ltr'><strong>diu</strong></span> <span class='ocrx_word' id='word_1_194' title='bbox 1352 2055 1560 2119; x_wconf 86' lang='lat' dir='ltr'><strong>immemores</strong></span> <span class='ocrx_word' id='word_1_195' title='bbox 1588 2064 1840 2143; x_wconf 88' lang='lat' dir='ltr'><strong>praeceptorum</strong></span> <span class='ocrx_word' id='word_1_196' title='bbox 1870 2056 2062 2120; x_wconf 88' lang='lat' dir='ltr'><strong>caelestium</strong></span> <span class='ocrx_word' id='word_1_197' title='bbox 2092 2071 2117 2108; x_wconf 80' lang='lat'><strong>¹⁵</strong></span> 
     </span>
     <span class='ocr_line' id='line_1_17' title="bbox 417 2156 2064 2246; baseline 0.001 -22"><span class='ocrx_word' id='word_1_198' title='bbox 417 2161 558 2224; x_wconf 88' lang='lat' dir='ltr'><strong>humano</strong></span> <span class='ocrx_word' id='word_1_199' title='bbox 582 2161 686 2224; x_wconf 88' lang='lat' dir='ltr'><strong>dolori</strong></span> <span class='ocrx_word' id='word_1_200' title='bbox 708 2160 906 2246; x_wconf 88' lang='lat' dir='ltr'><strong>praebemus</strong></span> <span class='ocrx_word' id='word_1_201' title='bbox 930 2179 1116 2223; x_wconf 88' lang='lat' dir='ltr'><strong>assensum:</strong></span> <span class='ocrx_word' id='word_1_202' title='bbox 1141 2157 1182 2220; x_wconf 87' lang='lat' dir='ltr'><strong>ad</strong></span> <span class='ocrx_word' id='word_1_203' title='bbox 1208 2156 1319 2221; x_wconf 85' lang='lat' dir='ltr'><strong>diviua</strong></span> <span class='ocrx_word' id='word_1_204' title='bbox 1341 2158 1436 2222; x_wconf 91' lang='lat' dir='ltr'><strong>nobis</strong></span> <span class='ocrx_word' id='word_1_205' title='bbox 1458 2167 1637 2245; x_wconf 88' lang='lat' dir='ltr'><strong>praecepta</strong></span> <span class='ocrx_word' id='word_1_206' title='bbox 1660 2161 1860 2226; x_wconf 89' lang='lat' dir='ltr'><strong>redeundum</strong></span> <span class='ocrx_word' id='word_1_207' title='bbox 1878 2168 1938 2240; x_wconf 89' lang='lat' dir='ltr'><strong>est,</strong></span> <span class='ocrx_word' id='word_1_208' title='bbox 1961 2181 2002 2224; x_wconf 91' lang='lat' dir='ltr'><strong>ne</strong></span> <span class='ocrx_word' id='word_1_209' title='bbox 2017 2161 2064 2225; x_wconf 85' lang='lat' dir='ltr'><strong>ita</strong></span> 
     </span>
     <span class='ocr_line' id='line_1_18' title="bbox 416 2261 2063 2352; baseline 0.001 -25"><span class='ocrx_word' id='word_1_210' title='bbox 416 2265 610 2349; x_wconf 83' lang='lat' dir='ltr'><strong>plangamus</strong></span> <span class='ocrx_word' id='word_1_211' title='bbox 634 2284 770 2349; x_wconf 89' lang='lat' dir='ltr'><strong>corpore</strong></span> <span class='ocrx_word' id='word_1_212' title='bbox 793 2268 970 2343; x_wconf 90' lang='lat' dir='ltr'><strong>mortuam,</strong></span> <span class='ocrx_word' id='word_1_213' title='bbox 1002 2267 1038 2324; x_wconf 91' lang='lat' dir='ltr'><strong>ut</strong></span> <span class='ocrx_word' id='word_1_214' title='bbox 1061 2261 1124 2346; x_wconf 89' lang='lat' dir='ltr'><strong>ipsi</strong></span> <span class='ocrx_word' id='word_1_215' title='bbox 1147 2261 1244 2325; x_wconf 91' lang='lat' dir='ltr'><strong>corde</strong></span> <span class='ocrx_word' id='word_1_216' title='bbox 1268 2261 1454 2326; x_wconf 85' lang='lat' dir='ltr'><strong>moriamur.</strong></span> <span class='ocrx_word' id='word_1_217' title='bbox 1499 2261 1704 2329; x_wconf 88' lang='lat' dir='ltr'><strong>discedentes</strong></span> <span class='ocrx_word' id='word_1_218' title='bbox 1728 2286 1807 2350; x_wconf 83' lang='lat' dir='ltr'><strong>ergo</strong></span> <span class='ocrx_word' id='word_1_219' title='bbox 1830 2264 2000 2352; x_wconf 88' lang='lat' dir='ltr'><strong>paululum</strong></span> <span class='ocrx_word' id='word_1_220' title='bbox 2023 2262 2063 2328; x_wconf 88' lang='lat' dir='ltr'><strong>de</strong></span> 
     </span>
     <span class='ocr_line' id='line_1_19' title="bbox 417 2366 2062 2454; baseline -0.001 -23"><span class='ocrx_word' id='word_1_221' title='bbox 417 2366 661 2453; x_wconf 89' lang='lat' dir='ltr'><strong>praesentibus,</strong></span> <span class='ocrx_word' id='word_1_222' title='bbox 691 2389 819 2431; x_wconf 89' lang='lat' dir='ltr'><strong>rursum</strong></span> <span class='ocrx_word' id='word_1_223' title='bbox 851 2367 960 2430; x_wconf 89' lang='lat' dir='ltr'><strong>lutura</strong></span> <span class='ocrx_word' id='word_1_224' title='bbox 989 2367 1182 2451; x_wconf 85' lang='lat' dir='ltr'><strong>cogitemus,</strong></span> <span class='ocrx_word' id='word_1_225' title='bbox 1212 2373 1250 2430; x_wconf 93' lang='lat' dir='ltr'><strong>ut</strong></span> <span class='ocrx_word' id='word_1_226' title='bbox 1278 2387 1359 2452; x_wconf 91' lang='lat' dir='ltr'><strong>quos</strong></span> <span class='ocrx_word' id='word_1_227' title='bbox 1390 2366 1553 2430; x_wconf 87' lang='lat' dir='ltr'><strong>infirmant</strong></span> <span class='ocrx_word' id='word_1_228' title='bbox 1584 2370 1788 2453; x_wconf 88' lang='lat' dir='ltr'><strong>praesentia,</strong></span> <span class='ocrx_word' id='word_1_229' title='bbox 1820 2369 1929 2454; x_wconf 63' lang='lat' dir='ltr'><strong>lutva</strong></span> <span class='ocrx_word' id='word_1_230' title='bbox 1952 2389 2062 2432; x_wconf 89' lang='lat' dir='ltr'><strong>corro-</strong></span> 
     </span>
     <span class='ocr_line' id='line_1_20' title="bbox 368 2469 2064 2557; baseline 0.001 -25"><span class='ocrx_word' id='word_1_231' title='bbox 368 2470 542 2536; x_wconf 82' lang='lat' dir='ltr'><strong>13borent.</strong></span> <span class='ocrx_word' id='word_1_232' title='bbox 586 2492 645 2534; x_wconf 89' lang='lat' dir='ltr'><strong>nos</strong></span> <span class='ocrx_word' id='word_1_233' title='bbox 668 2469 840 2548; x_wconf 89' lang='lat' dir='ltr'><strong>debemus,</strong></span> <span class='ocrx_word' id='word_1_234' title='bbox 867 2470 986 2534; x_wconf 81' lang='lat' dir='ltr'><strong>iratres</strong></span> <span class='ocrx_word' id='word_1_235' title='bbox 1010 2469 1183 2549; x_wconf 88' lang='lat' dir='ltr'><strong>carissimi,</strong></span> <span class='ocrx_word' id='word_1_236' title='bbox 1213 2469 1302 2534; x_wconf 90' lang='lat' dir='ltr'><strong>illam</strong></span> <span class='ocrx_word' id='word_1_237' title='bbox 1324 2470 1409 2535; x_wconf 83' lang='lat' dir='ltr'><strong>ferre</strong></span> <span class='ocrx_word' id='word_1_238' title='bbox 1433 2470 1657 2536; x_wconf 89' lang='lat' dir='ltr'><strong>condicionem</strong></span> <span class='ocrx_word' id='word_1_239' title='bbox 1681 2472 1841 2537; x_wconf 88' lang='lat' dir='ltr'><strong>humanae</strong></span> <span class='ocrx_word' id='word_1_240' title='bbox 1866 2471 2064 2557; x_wconf 87' lang='lat' dir='ltr'><strong>fragilitatis,</strong></span> 
     </span>
     <span class='ocr_line' id='line_1_21' title="bbox 419 2565 2187 2660; baseline 0 -22"><span class='ocrx_word' id='word_1_241' title='bbox 419 2596 517 2660; x_wconf 89' lang='lat' dir='ltr'><strong>quam</strong></span> <span class='ocrx_word' id='word_1_242' title='bbox 542 2580 576 2639; x_wconf 91' lang='lat' dir='ltr'><strong>et</strong></span> <span class='ocrx_word' id='word_1_243' title='bbox 598 2565 778 2660; x_wconf 88' lang='lat' dir='ltr'><strong>prophetae</strong></span> <span class='ocrx_word' id='word_1_244' title='bbox 802 2580 836 2638; x_wconf 89' lang='lat' dir='ltr'><strong>et</strong></span> <span class='ocrx_word' id='word_1_245' title='bbox 858 2573 999 2659; x_wconf 88' lang='lat' dir='ltr'><strong>apostoli</strong></span> <span class='ocrx_word' id='word_1_246' title='bbox 1023 2578 1056 2637; x_wconf 94' lang='lat' dir='ltr'><strong>ot</strong></span> <span class='ocrx_word' id='word_1_247' title='bbox 1080 2573 1184 2637; x_wconf 88' lang='lat' dir='ltr'><strong>sancti</strong></span> <span class='ocrx_word' id='word_1_248' title='bbox 1207 2572 1348 2657; x_wconf 88' lang='lat' dir='ltr'><strong>iustique</strong></span> <span class='ocrx_word' id='word_1_249' title='bbox 1373 2594 1486 2638; x_wconf 90' lang='lat' dir='ltr'><strong>omues</strong></span> <span class='ocrx_word' id='word_1_250' title='bbox 1509 2574 1577 2654; x_wconf 85' lang='lat' dir='ltr'><strong>vel,</strong></span> <span class='ocrx_word' id='word_1_251' title='bbox 1601 2574 1686 2659; x_wconf 93' lang='lat' dir='ltr'><strong>quod</strong></span> <span class='ocrx_word' id='word_1_252' title='bbox 1708 2576 1813 2640; x_wconf 89' lang='lat' dir='ltr'><strong>maius</strong></span> <span class='ocrx_word' id='word_1_253' title='bbox 1836 2580 1897 2655; x_wconf 88' lang='lat' dir='ltr'><strong>est,</strong></span> <span class='ocrx_word' id='word_1_254' title='bbox 1921 2573 2064 2639; x_wconf 90' lang='lat' dir='ltr'><strong>omnium</strong></span> <span class='ocrx_word' id='word_1_255' title='bbox 2092 2585 2119 2624; x_wconf 78' lang='lat'><strong>²⁰</strong></span> <span class='ocrx_word' id='word_1_256' title='bbox 2184 2633 2187 2638; x_wconf 89' lang='lat'>.</span> 
     </span>
     <span class='ocr_line' id='line_1_22' title="bbox 367 2674 2064 2764; baseline 0 -24"><span class='ocrx_word' id='word_1_257' title='bbox 367 2678 564 2743; x_wconf 78' lang='lat' dir='ltr'><strong>lldomiuus</strong></span> <span class='ocrx_word' id='word_1_258' title='bbox 596 2684 707 2742; x_wconf 89' lang='lat' dir='ltr'><strong>noster</strong></span> <span class='ocrx_word' id='word_1_259' title='bbox 741 2678 907 2763; x_wconf 90' lang='lat' dir='ltr'><strong>suscipere</strong></span> <span class='ocrx_word' id='word_1_260' title='bbox 942 2676 1094 2763; x_wconf 85' lang='lat' dir='ltr'><strong>dignatus</strong></span> <span class='ocrx_word' id='word_1_261' title='bbox 1128 2682 1189 2741; x_wconf 90' lang='lat' dir='ltr'><strong>est.</strong></span> <span class='ocrx_word' id='word_1_262' title='bbox 1244 2674 1434 2761; x_wconf 86' lang='lat' dir='ltr'><strong>deplorare,</strong></span> <span class='ocrx_word' id='word_1_263' title='bbox 1472 2676 1530 2741; x_wconf 89' lang='lat' dir='ltr'><strong>sed</strong></span> <span class='ocrx_word' id='word_1_264' title='bbox 1565 2678 1670 2763; x_wconf 84' lang='lat' dir='ltr'><strong>magis</strong></span> <span class='ocrx_word' id='word_1_265' title='bbox 1708 2678 1770 2743; x_wconf 89' lang='lat' dir='ltr'><strong>deo</strong></span> <span class='ocrx_word' id='word_1_266' title='bbox 1805 2679 1929 2764; x_wconf 84' lang='lat' dir='ltr'><strong>gratias</strong></span> <span class='ocrx_word' id='word_1_267' title='bbox 1964 2699 2064 2764; x_wconf 84' lang='lat' dir='ltr'><strong>agere</strong></span> 
     </span>
     <span class='ocr_line' id='line_1_23' title="bbox 416 2780 2065 2869; baseline -0.001 -22"><span class='ocrx_word' id='word_1_268' title='bbox 416 2789 450 2848; x_wconf 89' lang='lat' dir='ltr'><strong>et</strong></span> <span class='ocrx_word' id='word_1_269' title='bbox 472 2781 616 2868; x_wconf 88' lang='lat' dir='ltr'><strong>gaudere</strong></span> <span class='ocrx_word' id='word_1_270' title='bbox 640 2803 699 2846; x_wconf 91' lang='lat' dir='ltr'><strong>nos</strong></span> <span class='ocrx_word' id='word_1_271' title='bbox 723 2783 886 2860; x_wconf 86' lang='lat' dir='ltr'><strong>convenit,</strong></span> <span class='ocrx_word' id='word_1_272' title='bbox 918 2781 1004 2868; x_wconf 93' lang='lat' dir='ltr'><strong>quod</strong></span> <span class='ocrx_word' id='word_1_273' title='bbox 1027 2781 1137 2860; x_wconf 90' lang='lat' dir='ltr'><strong>filiam,</strong></span> <span class='ocrx_word' id='word_1_274' title='bbox 1168 2781 1297 2866; x_wconf 89' lang='lat' dir='ltr'><strong>qualem</strong></span> <span class='ocrx_word' id='word_1_275' title='bbox 1320 2780 1492 2862; x_wconf 89' lang='lat' dir='ltr'><strong>voluimus,</strong></span> <span class='ocrx_word' id='word_1_276' title='bbox 1528 2782 1682 2868; x_wconf 88' lang='lat' dir='ltr'><strong>quamdiu</strong></span> <span class='ocrx_word' id='word_1_277' title='bbox 1704 2783 1731 2846; x_wconf 91' lang='lat' dir='ltr'><strong>is</strong></span> <span class='ocrx_word' id='word_1_278' title='bbox 1753 2783 1808 2868; x_wconf 90' lang='lat' dir='ltr'><strong>qui</strong></span> <span class='ocrx_word' id='word_1_279' title='bbox 1832 2783 1968 2848; x_wconf 89' lang='lat' dir='ltr'><strong>dederat</strong></span> <span class='ocrx_word' id='word_1_280' title='bbox 1989 2802 2065 2869; x_wconf 90' lang='lat' dir='ltr'><strong>per·</strong></span> 
     </span>
     <span class='ocr_line' id='line_1_24' title="bbox 414 2883 2066 2973; baseline 0.001 -24"><span class='ocrx_word' id='word_1_281' title='bbox 414 2887 517 2967; x_wconf 90' lang='lat' dir='ltr'><strong>misit,</strong></span> <span class='ocrx_word' id='word_1_282' title='bbox 541 2885 714 2950; x_wconf 90' lang='lat' dir='ltr'><strong>habuimus</strong></span> <span class='ocrx_word' id='word_1_283' title='bbox 739 2894 782 2968; x_wconf 89' lang='lat' dir='ltr'><strong>et,</strong></span> <span class='ocrx_word' id='word_1_284' title='bbox 806 2886 934 2972; x_wconf 87' lang='lat' dir='ltr'><strong>qualem</strong></span> <span class='ocrx_word' id='word_1_285' title='bbox 956 2885 1128 2963; x_wconf 80' lang='lat' dir='ltr'><strong>voluimus,</strong></span> <span class='ocrx_word' id='word_1_286' title='bbox 1152 2905 1217 2948; x_wconf 92' lang='lat' dir='ltr'><strong>non</strong></span> <span class='ocrx_word' id='word_1_287' title='bbox 1239 2883 1451 2970; x_wconf 81' lang='lat' dir='ltr'><strong>perdidimus,</strong></span> <span class='ocrx_word' id='word_1_288' title='bbox 1478 2885 1536 2950; x_wconf 87' lang='lat' dir='ltr'><strong>sed</strong></span> <span class='ocrx_word' id='word_1_289' title='bbox 1560 2885 1602 2949; x_wconf 86' lang='lat' dir='ltr'><strong>ad</strong></span> <span class='ocrx_word' id='word_1_290' title='bbox 1625 2885 1804 2965; x_wconf 80' lang='lat' dir='ltr'><strong>Christum,</strong></span> <span class='ocrx_word' id='word_1_291' title='bbox 1827 2887 1898 2973; x_wconf 95' lang='lat' dir='ltr'><strong>ipso</strong></span> <span class='ocrx_word' id='word_1_292' title='bbox 1921 2888 2066 2968; x_wconf 87' lang='lat' dir='ltr'><strong>iubente,</strong></span> 
     </span>
     <span class='ocr_line' id='line_1_25' title="bbox 370 2988 2064 3077; baseline 0.001 -25"><span class='ocrx_word' id='word_1_293' title='bbox 370 2990 655 3077; x_wconf 76' lang='lat' dir='ltr'><strong>lbpraemisimus.</strong></span> <span class='ocrx_word' id='word_1_294' title='bbox 700 2990 822 3055; x_wconf 85' lang='lat' dir='ltr'><strong>habers</strong></span> <span class='ocrx_word' id='word_1_295' title='bbox 847 2989 933 3054; x_wconf 89' lang='lat' dir='ltr'><strong>enim</strong></span> <span class='ocrx_word' id='word_1_296' title='bbox 956 2989 1041 3053; x_wconf 89' lang='lat' dir='ltr'><strong>filios</strong></span> <span class='ocrx_word' id='word_1_297' title='bbox 1065 2989 1229 3074; x_wconf 87' lang='lat' dir='ltr'><strong>generalis</strong></span> <span class='ocrx_word' id='word_1_298' title='bbox 1252 2995 1303 3052; x_wconf 88' lang='lat' dir='ltr'><strong>cst</strong></span> <span class='ocrx_word' id='word_1_299' title='bbox 1330 2988 1499 3070; x_wconf 77' lang='lat' dir='ltr'><strong>beneficii,</strong></span> <span class='ocrx_word' id='word_1_300' title='bbox 1530 2990 1633 3054; x_wconf 91' lang='lat' dir='ltr'><strong>bonos</strong></span> <span class='ocrx_word' id='word_1_301' title='bbox 1657 3011 1733 3054; x_wconf 92' lang='lat' dir='ltr'><strong>vero</strong></span> <span class='ocrx_word' id='word_1_302' title='bbox 1761 2990 1884 3056; x_wconf 89' lang='lat' dir='ltr'><strong>habere</strong></span> <span class='ocrx_word' id='word_1_303' title='bbox 1912 2990 2064 3077; x_wconf 89' lang='lat' dir='ltr'><strong>specialis</strong></span> 
     </span>
     <span class='ocr_line' id='line_1_26' title="bbox 416 3093 2119 3178; baseline 0.001 -20"><span class='ocrx_word' id='word_1_304' title='bbox 416 3100 466 3158; x_wconf 89' lang='lat' dir='ltr'><strong>est</strong></span> <span class='ocrx_word' id='word_1_305' title='bbox 495 3094 648 3178; x_wconf 87' lang='lat' dir='ltr'><strong>praemii;</strong></span> <span class='ocrx_word' id='word_1_306' title='bbox 680 3094 765 3158; x_wconf 91' lang='lat' dir='ltr'><strong>sicut</strong></span> <span class='ocrx_word' id='word_1_307' title='bbox 787 3094 898 3158; x_wconf 82' lang='lat' dir='ltr'><strong>vivers</strong></span> <span class='ocrx_word' id='word_1_308' title='bbox 927 3114 1099 3158; x_wconf 87' lang='lat' dir='ltr'><strong>commune</strong></span> <span class='ocrx_word' id='word_1_309' title='bbox 1123 3098 1174 3157; x_wconf 87' lang='lat' dir='ltr'><strong>est</strong></span> <span class='ocrx_word' id='word_1_310' title='bbox 1196 3093 1353 3172; x_wconf 92' lang='lat' dir='ltr'><strong>omnium,</strong></span> <span class='ocrx_word' id='word_1_311' title='bbox 1385 3093 1471 3158; x_wconf 90' lang='lat' dir='ltr'><strong>bene</strong></span> <span class='ocrx_word' id='word_1_312' title='bbox 1495 3113 1573 3157; x_wconf 85' lang='lat' dir='ltr'><strong>vero</strong></span> <span class='ocrx_word' id='word_1_313' title='bbox 1598 3093 1706 3158; x_wconf 86' lang='lat' dir='ltr'><strong>virere</strong></span> <span class='ocrx_word' id='word_1_314' title='bbox 1731 3100 1766 3158; x_wconf 91' lang='lat' dir='ltr'><strong>et</strong></span> <span class='ocrx_word' id='word_1_315' title='bbox 1787 3094 1872 3158; x_wconf 90' lang='lat' dir='ltr'><strong>benc</strong></span> <span class='ocrx_word' id='word_1_316' title='bbox 1896 3093 2065 3160; x_wconf 91' lang='lat' dir='ltr'><strong>discedere</strong></span> <span class='ocrx_word' id='word_1_317' title='bbox 2093 3106 2119 3145; x_wconf 69' lang='lat'><strong>2⁵</strong></span> 
     </span>
     <span class='ocr_line' id='line_1_27' title="bbox 417 3196 2065 3284; baseline 0 -20"><span class='ocrx_word' id='word_1_318' title='bbox 417 3199 458 3264; x_wconf 89' lang='lat' dir='ltr'><strong>de</strong></span> <span class='ocrx_word' id='word_1_319' title='bbox 481 3197 544 3262; x_wconf 93' lang='lat' dir='ltr'><strong>hac</strong></span> <span class='ocrx_word' id='word_1_320' title='bbox 566 3197 634 3260; x_wconf 85' lang='lat' dir='ltr'><strong>vita</strong></span> <span class='ocrx_word' id='word_1_321' title='bbox 655 3217 833 3283; x_wconf 91' lang='lat' dir='ltr'><strong>paucorum</strong></span> <span class='ocrx_word' id='word_1_322' title='bbox 856 3204 917 3276; x_wconf 89' lang='lat' dir='ltr'><strong>est,</strong></span> <span class='ocrx_word' id='word_1_323' title='bbox 940 3218 1003 3261; x_wconf 94' lang='lat' dir='ltr'><strong>non</strong></span> <span class='ocrx_word' id='word_1_324' title='bbox 1026 3202 1136 3261; x_wconf 92' lang='lat' dir='ltr'><strong>tamen</strong></span> <span class='ocrx_word' id='word_1_325' title='bbox 1160 3203 1295 3261; x_wconf 88' lang='lat' dir='ltr'><strong>naturae</strong></span> <span class='ocrx_word' id='word_1_326' title='bbox 1320 3196 1509 3262; x_wconf 89' lang='lat' dir='ltr'><strong>condicione</strong></span> <span class='ocrx_word' id='word_1_327' title='bbox 1534 3196 1592 3261; x_wconf 91' lang='lat' dir='ltr'><strong>sed</strong></span> <span class='ocrx_word' id='word_1_328' title='bbox 1616 3198 1731 3284; x_wconf 89' lang='lat' dir='ltr'><strong>culpae</strong></span> <span class='ocrx_word' id='word_1_329' title='bbox 1755 3219 1817 3262; x_wconf 89' lang='lat' dir='ltr'><strong>neo</strong></span> <span class='ocrx_word' id='word_1_330' title='bbox 1841 3197 1950 3262; x_wconf 89' lang='lat' dir='ltr'><strong>divina</strong></span> <span class='ocrx_word' id='word_1_331' title='bbox 1970 3220 2065 3284; x_wconf 90' lang='lat' dir='ltr'><strong>prae·</strong></span> 
     </span>
     <span class='ocr_line' id='line_1_28' title="bbox 368 3299 2065 3388; baseline 0 -22"><span class='ocrx_word' id='word_1_332' title='bbox 368 3302 591 3388; x_wconf 77' lang='lat' dir='ltr'><strong>lbscriptione</strong></span> <span class='ocrx_word' id='word_1_333' title='bbox 620 3301 679 3366; x_wconf 87' lang='lat' dir='ltr'><strong>sed</strong></span> <span class='ocrx_word' id='word_1_334' title='bbox 708 3302 839 3388; x_wconf 89' lang='lat' dir='ltr'><strong>propria</strong></span> <span class='ocrx_word' id='word_1_335' title='bbox 862 3302 1041 3367; x_wconf 84' lang='lat' dir='ltr'><strong>voluntate.</strong></span> <span class='ocrx_word' id='word_1_336' title='bbox 1085 3306 1118 3364; x_wconf 89' lang='lat' dir='ltr'><strong>et</strong></span> <span class='ocrx_word' id='word_1_337' title='bbox 1145 3299 1220 3365; x_wconf 89' lang='lat' dir='ltr'><strong>idco</strong></span> <span class='ocrx_word' id='word_1_338' title='bbox 1253 3321 1317 3363; x_wconf 91' lang='lat' dir='ltr'><strong>non</strong></span> <span class='ocrx_word' id='word_1_339' title='bbox 1347 3301 1496 3366; x_wconf 88' lang='lat' dir='ltr'><strong>turbetur</strong></span> <span class='ocrx_word' id='word_1_340' title='bbox 1526 3323 1582 3366; x_wconf 90' lang='lat' dir='ltr'><strong>cor</strong></span> <span class='ocrx_word' id='word_1_341' title='bbox 1611 3308 1758 3366; x_wconf 89' lang='lat' dir='ltr'><strong>nostrum</strong></span> <span class='ocrx_word' id='word_1_342' title='bbox 1787 3323 1848 3366; x_wconf 89' lang='lat' dir='ltr'><strong>nec</strong></span> <span class='ocrx_word' id='word_1_343' title='bbox 1879 3301 1978 3366; x_wconf 86' lang='lat' dir='ltr'><strong>filiam</strong></span> <span class='ocrx_word' id='word_1_344' title='bbox 2006 3323 2065 3388; x_wconf 90' lang='lat' dir='ltr'><strong>pro</strong></span> 
     </span>
     <span class='ocr_line' id='line_1_29' title="bbox 418 3404 2064 3492; baseline -0.001 -21"><span class='ocrx_word' id='word_1_345' title='bbox 418 3406 590 3471; x_wconf 90' lang='lat' dir='ltr'><strong>amissione</strong></span> <span class='ocrx_word' id='word_1_346' title='bbox 614 3404 673 3472; x_wconf 89' lang='lat' dir='ltr'><strong>sed</strong></span> <span class='ocrx_word' id='word_1_347' title='bbox 695 3427 753 3492; x_wconf 90' lang='lat' dir='ltr'><strong>pro</strong></span> <span class='ocrx_word' id='word_1_348' title='bbox 776 3404 940 3470; x_wconf 90' lang='lat' dir='ltr'><strong>desiderio</strong></span> <span class='ocrx_word' id='word_1_349' title='bbox 964 3404 1151 3482; x_wconf 86' lang='lat' dir='ltr'><strong>defleamus,</strong></span> <span class='ocrx_word' id='word_1_350' title='bbox 1175 3425 1216 3468; x_wconf 89' lang='lat' dir='ltr'><strong>ue</strong></span> <span class='ocrx_word' id='word_1_351' title='bbox 1240 3410 1297 3468; x_wconf 87' lang='lat' dir='ltr'><strong>aut</strong></span> <span class='ocrx_word' id='word_1_352' title='bbox 1319 3405 1489 3490; x_wconf 90' lang='lat' dir='ltr'><strong>promissis</strong></span> <span class='ocrx_word' id='word_1_353' title='bbox 1513 3405 1684 3471; x_wconf 89' lang='lat' dir='ltr'><strong>dominicis</strong></span> <span class='ocrx_word' id='word_1_354' title='bbox 1707 3405 1865 3472; x_wconf 91' lang='lat' dir='ltr'><strong>increduli</strong></span> <span class='ocrx_word' id='word_1_355' title='bbox 1888 3412 1946 3469; x_wconf 87' lang='lat' dir='ltr'><strong>aut</strong></span> <span class='ocrx_word' id='word_1_356' title='bbox 1968 3426 2064 3492; x_wconf 88' lang='lat' dir='ltr'><strong>prae-</strong></span> 
     </span>
     <span class='ocr_line' id='line_1_30' title="bbox 369 3509 2065 3596; baseline -0.001 -22"><span class='ocrx_word' id='word_1_357' title='bbox 369 3511 520 3596; x_wconf 74' lang='lat' dir='ltr'><strong>liceptis</strong></span> <span class='ocrx_word' id='word_1_358' title='bbox 543 3509 649 3573; x_wconf 91' lang='lat' dir='ltr'><strong>obnisi</strong></span> <span class='ocrx_word' id='word_1_359' title='bbox 677 3531 751 3574; x_wconf 91' lang='lat' dir='ltr'><strong>esse</strong></span> <span class='ocrx_word' id='word_1_360' title='bbox 774 3509 952 3575; x_wconf 87' lang='lat' dir='ltr'><strong>videamur.</strong></span> <span class='ocrx_word' id='word_1_361' title='bbox 998 3509 1099 3573; x_wconf 87' lang='lat' dir='ltr'><strong>licant</strong></span> <span class='ocrx_word' id='word_1_362' title='bbox 1129 3509 1248 3573; x_wconf 88' lang='lat' dir='ltr'><strong>liberos</strong></span> <span class='ocrx_word' id='word_1_363' title='bbox 1278 3529 1356 3573; x_wconf 89' lang='lat' dir='ltr'><strong>suos</strong></span> <span class='ocrx_word' id='word_1_364' title='bbox 1384 3510 1438 3595; x_wconf 94' lang='lat' dir='ltr'><strong>qui</strong></span> <span class='ocrx_word' id='word_1_365' title='bbox 1462 3530 1555 3595; x_wconf 90' lang='lat' dir='ltr'><strong>spem</strong></span> <span class='ocrx_word' id='word_1_366' title='bbox 1578 3511 1829 3576; x_wconf 90' lang='lat' dir='ltr'><strong>resurrectionis</strong></span> <span class='ocrx_word' id='word_1_367' title='bbox 1856 3511 1976 3576; x_wconf 89' lang='lat' dir='ltr'><strong>habere</strong></span> <span class='ocrx_word' id='word_1_368' title='bbox 1999 3529 2065 3573; x_wconf 91' lang='lat' dir='ltr'><strong>non</strong></span> 
     </span>
     <span class='ocr_line' id='line_1_31' title="bbox 416 3611 2120 3700; baseline -0.002 -22"><span class='ocrx_word' id='word_1_369' title='bbox 416 3619 569 3700; x_wconf 89' lang='lat' dir='ltr'><strong>possunt,</strong></span> <span class='ocrx_word' id='word_1_370' title='bbox 599 3634 695 3699; x_wconf 87' lang='lat' dir='ltr'><strong>quam</strong></span> <span class='ocrx_word' id='word_1_371' title='bbox 725 3614 774 3677; x_wconf 88' lang='lat' dir='ltr'><strong>sis</strong></span> <span class='ocrx_word' id='word_1_372' title='bbox 801 3613 938 3699; x_wconf 88' lang='lat' dir='ltr'><strong>perfidia</strong></span> <span class='ocrx_word' id='word_1_373' title='bbox 967 3632 1026 3676; x_wconf 90' lang='lat' dir='ltr'><strong>sua</strong></span> <span class='ocrx_word' id='word_1_374' title='bbox 1054 3611 1189 3692; x_wconf 87' lang='lat' dir='ltr'><strong>ademit,</strong></span> <span class='ocrx_word' id='word_1_375' title='bbox 1220 3632 1284 3676; x_wconf 91' lang='lat' dir='ltr'><strong>non</strong></span> <span class='ocrx_word' id='word_1_376' title='bbox 1308 3611 1417 3675; x_wconf 89' lang='lat' dir='ltr'><strong>divina</strong></span> <span class='ocrx_word' id='word_1_377' title='bbox 1440 3613 1613 3676; x_wconf 88' lang='lat' dir='ltr'><strong>sententia.</strong></span> <span class='ocrx_word' id='word_1_378' title='bbox 1659 3614 1757 3678; x_wconf 87' lang='lat' dir='ltr'><strong>fleant</strong></span> <span class='ocrx_word' id='word_1_379' title='bbox 1778 3615 1898 3678; x_wconf 89' lang='lat' dir='ltr'><strong>mortui</strong></span> <span class='ocrx_word' id='word_1_380' title='bbox 1920 3619 2065 3678; x_wconf 90' lang='lat' dir='ltr'><strong>mortuos</strong></span> <span class='ocrx_word' id='word_1_381' title='bbox 2093 3627 2120 3664; x_wconf 82' lang='lat'><strong>³⁰</strong></span> 
     </span>
     <span class='ocr_line' id='line_1_32' title="bbox 417 3715 2064 3805; baseline -0.002 -22"><span class='ocrx_word' id='word_1_382' title='bbox 417 3739 503 3799; x_wconf 86' lang='lat' dir='ltr'><strong>suos,</strong></span> <span class='ocrx_word' id='word_1_383' title='bbox 528 3739 610 3804; x_wconf 91' lang='lat' dir='ltr'><strong>quos</strong></span> <span class='ocrx_word' id='word_1_384' title='bbox 633 3719 667 3782; x_wconf 93' lang='lat' dir='ltr'><strong>iu</strong></span> <span class='ocrx_word' id='word_1_385' title='bbox 689 3724 883 3805; x_wconf 89' lang='lat' dir='ltr'><strong>perpetuum</strong></span> <span class='ocrx_word' id='word_1_386' title='bbox 907 3717 1081 3782; x_wconf 88' lang='lat' dir='ltr'><strong>aestimant</strong></span> <span class='ocrx_word' id='word_1_387' title='bbox 1103 3717 1266 3781; x_wconf 90' lang='lat' dir='ltr'><strong>interisse.</strong></span> <span class='ocrx_word' id='word_1_388' title='bbox 1304 3715 1352 3779; x_wconf 95' lang='lat' dir='ltr'><strong>illi</strong></span> <span class='ocrx_word' id='word_1_389' title='bbox 1374 3717 1497 3780; x_wconf 89' lang='lat' dir='ltr'><strong>nullam</strong></span> <span class='ocrx_word' id='word_1_390' title='bbox 1514 3717 1668 3781; x_wconf 88' lang='lat' dir='ltr'><strong>maeroris</strong></span> <span class='ocrx_word' id='word_1_391' title='bbox 1684 3718 1734 3781; x_wconf 91' lang='lat' dir='ltr'><strong>sui</strong></span> <span class='ocrx_word' id='word_1_392' title='bbox 1751 3717 1895 3782; x_wconf 88' lang='lat' dir='ltr'><strong>habeant</strong></span> <span class='ocrx_word' id='word_1_393' title='bbox 1910 3717 2064 3803; x_wconf 90' lang='lat' dir='ltr'><strong>requiem,</strong></span> 
     </span>
     <span class='ocr_line' id='line_1_33' title="bbox 369 3817 2063 3908; baseline -0.002 -21"><span class='ocrx_word' id='word_1_394' title='bbox 369 3823 472 3908; x_wconf 81' lang='lat' dir='ltr'><strong>18qui</strong></span> <span class='ocrx_word' id='word_1_395' title='bbox 501 3844 565 3887; x_wconf 93' lang='lat' dir='ltr'><strong>uon</strong></span> <span class='ocrx_word' id='word_1_396' title='bbox 593 3822 730 3887; x_wconf 86' lang='lat' dir='ltr'><strong>credunt</strong></span> <span class='ocrx_word' id='word_1_397' title='bbox 759 3842 832 3887; x_wconf 89' lang='lat' dir='ltr'><strong>esse</strong></span> <span class='ocrx_word' id='word_1_398' title='bbox 867 3821 1013 3906; x_wconf 86' lang='lat' dir='ltr'><strong>requiem</strong></span> <span class='ocrx_word' id='word_1_399' title='bbox 1047 3825 1257 3884; x_wconf 91' lang='lat' dir='ltr'><strong>mortuorum.</strong></span> <span class='ocrx_word' id='word_1_400' title='bbox 1311 3820 1407 3884; x_wconf 90' lang='lat' dir='ltr'><strong>nobis</strong></span> <span class='ocrx_word' id='word_1_401' title='bbox 1437 3841 1529 3900; x_wconf 86' lang='lat' dir='ltr'><strong>vcro,</strong></span> <span class='ocrx_word' id='word_1_402' title='bbox 1565 3817 1682 3905; x_wconf 91' lang='lat' dir='ltr'><strong>quibus</strong></span> <span class='ocrx_word' id='word_1_403' title='bbox 1719 3827 1752 3885; x_wconf 92' lang='lat' dir='ltr'><strong>et</strong></span> <span class='ocrx_word' id='word_1_404' title='bbox 1786 3841 1862 3907; x_wconf 89' lang='lat' dir='ltr'><strong>spes</strong></span> <span class='ocrx_word' id='word_1_405' title='bbox 1893 3827 1927 3886; x_wconf 89' lang='lat' dir='ltr'><strong>et</strong></span> <span class='ocrx_word' id='word_1_406' title='bbox 1958 3820 2063 3906; x_wconf 93' lang='lat' dir='ltr'><strong>portio</strong></span> 
     </span>
     <span class='ocr_line' id='line_1_34' title="bbox 418 3923 2066 4013; baseline -0.003 -22"><span class='ocrx_word' id='word_1_407' title='bbox 418 3926 567 3991; x_wconf 80' lang='lat' dir='ltr'><strong>Christus</strong></span> <span class='ocrx_word' id='word_1_408' title='bbox 590 3933 656 4006; x_wconf 90' lang='lat' dir='ltr'><strong>est,</strong></span> <span class='ocrx_word' id='word_1_409' title='bbox 687 3949 762 4013; x_wconf 90' lang='lat' dir='ltr'><strong>spes</strong></span> <span class='ocrx_word' id='word_1_410' title='bbox 790 3927 822 3990; x_wconf 92' lang='lat' dir='ltr'><strong>in</strong></span> <span class='ocrx_word' id='word_1_411' title='bbox 855 3931 943 3991; x_wconf 89' lang='lat' dir='ltr'><strong>terra</strong></span> <span class='ocrx_word' id='word_1_412' title='bbox 965 3925 1174 4005; x_wconf 89' lang='lat' dir='ltr'><strong>morientum,</strong></span> <span class='ocrx_word' id='word_1_413' title='bbox 1201 3924 1308 4009; x_wconf 93' lang='lat' dir='ltr'><strong>portio</strong></span> <span class='ocrx_word' id='word_1_414' title='bbox 1332 3925 1366 3988; x_wconf 91' lang='lat' dir='ltr'><strong>in</strong></span> <span class='ocrx_word' id='word_1_415' title='bbox 1390 3925 1525 4009; x_wconf 84' lang='lat' dir='ltr'><strong>regione</strong></span> <span class='ocrx_word' id='word_1_416' title='bbox 1548 3924 1713 4004; x_wconf 81' lang='lat' dir='ltr'><strong>rivorum,</strong></span> <span class='ocrx_word' id='word_1_417' title='bbox 1743 3924 1859 4010; x_wconf 89' lang='lat' dir='ltr'><strong>quibus</strong></span> <span class='ocrx_word' id='word_1_418' title='bbox 1889 3945 1975 3989; x_wconf 90' lang='lat' dir='ltr'><strong>mors</strong></span> <span class='ocrx_word' id='word_1_419' title='bbox 2002 3923 2066 3987; x_wconf 87' lang='lat' dir='ltr'><strong>ista</strong></span> 
     </span>
     <span class='ocr_line' id='line_1_35' title="bbox 417 4027 2064 4117; baseline -0.003 -21"><span class='ocrx_word' id='word_1_420' title='bbox 417 4053 482 4096; x_wconf 91' lang='lat' dir='ltr'><strong>non</strong></span> <span class='ocrx_word' id='word_1_421' title='bbox 497 4037 634 4095; x_wconf 88' lang='lat' dir='ltr'><strong>naturae</strong></span> <span class='ocrx_word' id='word_1_422' title='bbox 652 4029 710 4096; x_wconf 94' lang='lat' dir='ltr'><strong>sed</strong></span> <span class='ocrx_word' id='word_1_423' title='bbox 726 4029 812 4096; x_wconf 84' lang='lat' dir='ltr'><strong>ritae</strong></span> <span class='ocrx_word' id='word_1_424' title='bbox 829 4031 1013 4117; x_wconf 87' lang='lat' dir='ltr'><strong>praesentis</strong></span> <span class='ocrx_word' id='word_1_425' title='bbox 1031 4037 1082 4095; x_wconf 88' lang='lat' dir='ltr'><strong>est</strong></span> <span class='ocrx_word' id='word_1_426' title='bbox 1097 4030 1181 4109; x_wconf 89' lang='lat' dir='ltr'><strong>finis,</strong></span> <span class='ocrx_word' id='word_1_427' title='bbox 1205 4030 1282 4114; x_wconf 90' lang='lat' dir='ltr'><strong>quia</strong></span> <span class='ocrx_word' id='word_1_428' title='bbox 1300 4050 1372 4094; x_wconf 88' lang='lat' dir='ltr'><strong>eam</strong></span> <span class='ocrx_word' id='word_1_429' title='bbox 1388 4030 1420 4094; x_wconf 91' lang='lat' dir='ltr'><strong>in</strong></span> <span class='ocrx_word' id='word_1_430' title='bbox 1436 4030 1555 4094; x_wconf 89' lang='lat' dir='ltr'><strong>melius</strong></span> <span class='ocrx_word' id='word_1_431' title='bbox 1572 4028 1735 4095; x_wconf 90' lang='lat' dir='ltr'><strong>credimus</strong></span> <span class='ocrx_word' id='word_1_432' title='bbox 1753 4051 1827 4095; x_wconf 89' lang='lat' dir='ltr'><strong>esse</strong></span> <span class='ocrx_word' id='word_1_433' title='bbox 1850 4027 2064 4116; x_wconf 86' lang='lat' dir='ltr'><strong>reparandam</strong></span> 
     </span>
     <span class='ocr_line' id='line_1_36' title="bbox 417 4131 2117 4219; baseline -0.001 -20"><span class='ocrx_word' id='word_1_434' title='bbox 417 4137 510 4200; x_wconf 83' lang='lat' dir='ltr'><strong>iuxta</strong></span> <span class='ocrx_word' id='word_1_435' title='bbox 539 4132 678 4219; x_wconf 92' lang='lat' dir='ltr'><strong>apostoli</strong></span> <span class='ocrx_word' id='word_1_436' title='bbox 708 4134 920 4198; x_wconf 88' lang='lat' dir='ltr'><strong>senteutiam:</strong></span> <span class='ocrx_word' id='word_1_437' title='bbox 958 4154 1042 4198; x_wconf 89' lang='lat' dir='ltr'><strong>cum</strong></span> <span class='ocrx_word' id='word_1_438' title='bbox 1079 4132 1358 4218; x_wconf 91' lang='lat' dir='ltr'><strong>corruptibile</strong></span> <span class='ocrx_word' id='word_1_439' title='bbox 1390 4132 1468 4198; x_wconf 92' lang='lat' dir='ltr'><strong>hoc</strong></span> <span class='ocrx_word' id='word_1_440' title='bbox 1499 4131 1676 4196; x_wconf 88' lang='lat' dir='ltr'><strong>induerit</strong></span> <span class='ocrx_word' id='word_1_441' title='bbox 1705 4133 2065 4219; x_wconf 91' lang='lat' dir='ltr'><strong>incorruptionem,</strong></span> <span class='ocrx_word' id='word_1_442' title='bbox 2092 4145 2117 4184; x_wconf 76' lang='lat'><strong>³⁵</strong></span> 
     </span>
     <span class='ocr_line' id='line_1_37' title="bbox 419 4235 2066 4323; baseline -0.001 -22"><span class='ocrx_word' id='word_1_443' title='bbox 419 4259 492 4302; x_wconf 92' lang='lat' dir='ltr'><strong>cum</strong></span> <span class='ocrx_word' id='word_1_444' title='bbox 515 4235 675 4323; x_wconf 89' lang='lat' dir='ltr'><strong>propheta</strong></span> <span class='ocrx_word' id='word_1_445' title='bbox 697 4235 868 4300; x_wconf 90' lang='lat' dir='ltr'><strong>dicendum</strong></span> <span class='ocrx_word' id='word_1_446' title='bbox 893 4244 957 4302; x_wconf 89' lang='lat' dir='ltr'><strong>est:</strong></span> <span class='ocrx_word' id='word_1_447' title='bbox 991 4236 1170 4301; x_wconf 90' lang='lat' dir='ltr'><strong>domiuus</strong></span> <span class='ocrx_word' id='word_1_448' title='bbox 1193 4235 1326 4316; x_wconf 89' lang='lat' dir='ltr'><strong>dedit,</strong></span> <span class='ocrx_word' id='word_1_449' title='bbox 1357 4236 1537 4301; x_wconf 91' lang='lat' dir='ltr'><strong>dominus</strong></span> <span class='ocrx_word' id='word_1_450' title='bbox 1560 4237 1749 4317; x_wconf 87' lang='lat' dir='ltr'><strong>abstulit,</strong></span> <span class='ocrx_word' id='word_1_451' title='bbox 1780 4237 1892 4301; x_wconf 90' lang='lat' dir='ltr'><strong>sicut</strong></span> <span class='ocrx_word' id='word_1_452' title='bbox 1914 4236 2066 4301; x_wconf 90' lang='lat' dir='ltr'><strong>domino</strong></span> 
     </span>
     <span class='ocr_line' id='line_1_38' title="bbox 417 4339 2065 4425; baseline -0.003 -18"><span class='ocrx_word' id='word_1_453' title='bbox 417 4343 542 4407; x_wconf 81' lang='lat' dir='ltr'><strong>visum</strong></span> <span class='ocrx_word' id='word_1_454' title='bbox 569 4348 647 4421; x_wconf 89' lang='lat' dir='ltr'><strong>cst,</strong></span> <span class='ocrx_word' id='word_1_455' title='bbox 678 4341 741 4406; x_wconf 89' lang='lat' dir='ltr'><strong>ita</strong></span> <span class='ocrx_word' id='word_1_456' title='bbox 770 4340 931 4419; x_wconf 85' lang='lat' dir='ltr'><strong>lactum,</strong></span> <span class='ocrx_word' id='word_1_457' title='bbox 965 4341 1019 4405; x_wconf 88' lang='lat' dir='ltr'><strong>sit</strong></span> <span class='ocrx_word' id='word_1_458' title='bbox 1049 4361 1187 4404; x_wconf 88' lang='lat' dir='ltr'><strong>nomen</strong></span> <span class='ocrx_word' id='word_1_459' title='bbox 1216 4339 1361 4404; x_wconf 91' lang='lat' dir='ltr'><strong>domini</strong></span> <span class='ocrx_word' id='word_1_460' title='bbox 1392 4339 1665 4423; x_wconf 89' lang='lat' dir='ltr'><strong>benedictum,</strong></span> <span class='ocrx_word' id='word_1_461' title='bbox 1695 4341 1771 4425; x_wconf 89' lang='lat' dir='ltr'><strong>quia</strong></span> <span class='ocrx_word' id='word_1_462' title='bbox 1793 4339 1937 4406; x_wconf 88' lang='lat' dir='ltr'><strong>tenenda</strong></span> <span class='ocrx_word' id='word_1_463' title='bbox 1960 4345 2011 4405; x_wconf 92' lang='lat' dir='ltr'><strong>est</strong></span> <span class='ocrx_word' id='word_1_464' title='bbox 2032 4340 2065 4403; x_wconf 93' lang='lat' dir='ltr'><strong>in</strong></span> 
     </span>
     <span class='ocr_line' id='line_1_39' title="bbox 370 4443 2065 4532; baseline -0.005 -20"><span class='ocrx_word' id='word_1_465' title='bbox 370 4445 636 4532; x_wconf 71' lang='lat' dir='ltr'><strong>liltcmptatione</strong></span> <span class='ocrx_word' id='word_1_466' title='bbox 659 4445 874 4531; x_wconf 88' lang='lat' dir='ltr'><strong>paenitentia,</strong></span> <span class='ocrx_word' id='word_1_467' title='bbox 897 4465 939 4510; x_wconf 87' lang='lat' dir='ltr'><strong>ns</strong></span> <span class='ocrx_word' id='word_1_468' title='bbox 963 4450 1060 4530; x_wconf 86' lang='lat' dir='ltr'><strong>cogat</strong></span> <span class='ocrx_word' id='word_1_469' title='bbox 1083 4451 1139 4508; x_wconf 91' lang='lat' dir='ltr'><strong>aut</strong></span> <span class='ocrx_word' id='word_1_470' title='bbox 1162 4465 1217 4509; x_wconf 90' lang='lat' dir='ltr'><strong>ore</strong></span> <span class='ocrx_word' id='word_1_471' title='bbox 1241 4449 1298 4507; x_wconf 88' lang='lat' dir='ltr'><strong>aut</strong></span> <span class='ocrx_word' id='word_1_472' title='bbox 1321 4443 1419 4508; x_wconf 87' lang='lat' dir='ltr'><strong>corde</strong></span> <span class='ocrx_word' id='word_1_473' title='bbox 1443 4443 1644 4529; x_wconf 88' lang='lat' dir='ltr'><strong>delinquere.</strong></span> <span class='ocrx_word' id='word_1_474' title='bbox 1685 4445 1779 4508; x_wconf 87' lang='lat' dir='ltr'><strong>fletus</strong></span> <span class='ocrx_word' id='word_1_475' title='bbox 1803 4444 1913 4528; x_wconf 86' lang='lat' dir='ltr'><strong>itaque</strong></span> <span class='ocrx_word' id='word_1_476' title='bbox 1938 4449 2065 4507; x_wconf 90' lang='lat' dir='ltr'><strong>nostros</strong></span> 
     </span>
     <span class='ocr_line' id='line_1_40' title="bbox 417 4545 2064 4637; baseline -0.005 -21"><span class='ocrx_word' id='word_1_477' title='bbox 417 4551 499 4616; x_wconf 87' lang='lat' dir='ltr'><strong>fides</strong></span> <span class='ocrx_word' id='word_1_478' title='bbox 526 4554 678 4637; x_wconf 88' lang='lat' dir='ltr'><strong>prompta</strong></span> <span class='ocrx_word' id='word_1_479' title='bbox 706 4550 870 4637; x_wconf 84' lang='lat' dir='ltr'><strong>detergat,</strong></span> <span class='ocrx_word' id='word_1_480' title='bbox 901 4549 977 4636; x_wconf 90' lang='lat' dir='ltr'><strong>quia</strong></span> <span class='ocrx_word' id='word_1_481' title='bbox 1008 4549 1184 4629; x_wconf 88' lang='lat' dir='ltr'><strong>credimus,</strong></span> <span class='ocrx_word' id='word_1_482' title='bbox 1215 4569 1309 4612; x_wconf 92' lang='lat' dir='ltr'><strong>caros</strong></span> <span class='ocrx_word' id='word_1_483' title='bbox 1337 4552 1466 4612; x_wconf 89' lang='lat' dir='ltr'><strong>nostros</strong></span> <span class='ocrx_word' id='word_1_484' title='bbox 1494 4547 1595 4612; x_wconf 86' lang='lat' dir='ltr'><strong>vitam</strong></span> <span class='ocrx_word' id='word_1_485' title='bbox 1625 4569 1689 4612; x_wconf 90' lang='lat' dir='ltr'><strong>uon</strong></span> <span class='ocrx_word' id='word_1_486' title='bbox 1716 4553 1784 4611; x_wconf 89' lang='lat' dir='ltr'><strong>tam</strong></span> <span class='ocrx_word' id='word_1_487' title='bbox 1805 4545 1943 4633; x_wconf 86' lang='lat' dir='ltr'><strong>perdere</strong></span> <span class='ocrx_word' id='word_1_488' title='bbox 1967 4566 2064 4632; x_wconf 89' lang='lat' dir='ltr'><strong>quam</strong></span> 
     </span>
     <span class='ocr_line' id='line_1_41' title="bbox 418 4649 2118 4740; baseline -0.004 -21"><span class='ocrx_word' id='word_1_489' title='bbox 418 4661 555 4734; x_wconf 87' lang='lat' dir='ltr'><strong>mutare,</strong></span> <span class='ocrx_word' id='word_1_490' title='bbox 580 4654 764 4740; x_wconf 90' lang='lat' dir='ltr'><strong>relinquere</strong></span> <span class='ocrx_word' id='word_1_491' title='bbox 791 4656 959 4720; x_wconf 89' lang='lat' dir='ltr'><strong>saeculum</strong></span> <span class='ocrx_word' id='word_1_492' title='bbox 983 4654 1148 4720; x_wconf 89' lang='lat' dir='ltr'><strong>aerumnis</strong></span> <span class='ocrx_word' id='word_1_493' title='bbox 1172 4659 1206 4718; x_wconf 90' lang='lat' dir='ltr'><strong>et</strong></span> <span class='ocrx_word' id='word_1_494' title='bbox 1228 4653 1369 4718; x_wconf 91' lang='lat' dir='ltr'><strong>luctibus</strong></span> <span class='ocrx_word' id='word_1_495' title='bbox 1391 4654 1525 4739; x_wconf 89' lang='lat' dir='ltr'><strong>plenum</strong></span> <span class='ocrx_word' id='word_1_496' title='bbox 1549 4659 1582 4718; x_wconf 88' lang='lat' dir='ltr'><strong>et</strong></span> <span class='ocrx_word' id='word_1_497' title='bbox 1605 4652 1647 4717; x_wconf 90' lang='lat' dir='ltr'><strong>ad</strong></span> <span class='ocrx_word' id='word_1_498' title='bbox 1670 4652 1835 4736; x_wconf 87' lang='lat' dir='ltr'><strong>regionem</strong></span> <span class='ocrx_word' id='word_1_499' title='bbox 1852 4649 2066 4714; x_wconf 87' lang='lat' dir='ltr'><strong>beatitudinis</strong></span> <span class='ocrx_word' id='word_1_500' title='bbox 2092 4661 2118 4700; x_wconf 81' lang='lat'><strong>⁴⁰</strong></span> 
     </span>
     <span class='ocr_line' id='line_1_42' title="bbox 418 4753 2066 4845; baseline -0.005 -21"><span class='ocrx_word' id='word_1_501' title='bbox 418 4760 591 4839; x_wconf 86' lang='lat' dir='ltr'><strong>festinare,</strong></span> <span class='ocrx_word' id='word_1_502' title='bbox 622 4758 714 4824; x_wconf 85' lang='lat' dir='ltr'><strong>exire</strong></span> <span class='ocrx_word' id='word_1_503' title='bbox 738 4758 778 4823; x_wconf 91' lang='lat' dir='ltr'><strong>de</strong></span> <span class='ocrx_word' id='word_1_504' title='bbox 801 4760 1065 4845; x_wconf 84' lang='lat' dir='ltr'><strong>peregrinatione</strong></span> <span class='ocrx_word' id='word_1_505' title='bbox 1088 4758 1254 4823; x_wconf 90' lang='lat' dir='ltr'><strong>laboriosa</strong></span> <span class='ocrx_word' id='word_1_506' title='bbox 1277 4765 1310 4823; x_wconf 90' lang='lat' dir='ltr'><strong>et</strong></span> <span class='ocrx_word' id='word_1_507' title='bbox 1334 4757 1375 4822; x_wconf 88' lang='lat' dir='ltr'><strong>ad</strong></span> <span class='ocrx_word' id='word_1_508' title='bbox 1398 4757 1519 4843; x_wconf 89' lang='lat' dir='ltr'><strong>quietis</strong></span> <span class='ocrx_word' id='word_1_509' title='bbox 1544 4757 1680 4842; x_wconf 87' lang='lat' dir='ltr'><strong>patriam</strong></span> <span class='ocrx_word' id='word_1_510' title='bbox 1703 4755 1889 4842; x_wconf 80' lang='lat' dir='ltr'><strong>pervenire,</strong></span> <span class='ocrx_word' id='word_1_511' title='bbox 1921 4753 2008 4818; x_wconf 89' lang='lat' dir='ltr'><strong>unde</strong></span> <span class='ocrx_word' id='word_1_512' title='bbox 2032 4759 2066 4818; x_wconf 89' lang='lat' dir='ltr'><strong>ct</strong></span> 
     </span>
    </p>
   </div>
   <div class='ocr_carea' id='block_1_3' title="bbox 521 5046 1823 5117">
    <p class='ocr_par' dir='ltr' id='par_1_3' title="bbox 521 5046 1823 5117">
     <span class='ocr_line' id='line_1_43' title="bbox 521 5046 1823 5117; baseline -0.008 -7"><span class='ocrx_word' id='word_1_513' title='bbox 521 5053 653 5110; x_wconf 79' lang='lat' dir='ltr'><strong>blercm.</strong></span> <span class='ocrx_word' id='word_1_514' title='bbox 671 5052 719 5117; x_wconf 88' lang='lat' dir='ltr'><strong>IX,</strong></span> <span class='ocrx_word' id='word_1_515' title='bbox 739 5053 763 5107; x_wconf 91' lang='lat'><strong>1.</strong></span> <span class='ocrx_word' id='word_1_516' title='bbox 850 5049 1094 5114; x_wconf 80' lang='lat' dir='ltr'><strong>30Luc.1X,·60.</strong></span> <span class='ocrx_word' id='word_1_517' title='bbox 1182 5050 1217 5104; x_wconf 82' lang='grc'><strong>35</strong></span> <span class='ocrx_word' id='word_1_518' title='bbox 1235 5051 1257 5105; x_wconf 89' lang='grc' dir='ltr'><strong>Ι.</strong></span> <span class='ocrx_word' id='word_1_519' title='bbox 1276 5050 1336 5105; x_wconf 79' lang='lat' dir='ltr'><strong>Cor.</strong></span> <span class='ocrx_word' id='word_1_520' title='bbox 1355 5049 1414 5115; x_wconf 87' lang='lat' dir='ltr'><strong>XV,</strong></span> <span class='ocrx_word' id='word_1_521' title='bbox 1432 5050 1474 5104; x_wconf 77' lang='lat'><strong>53.</strong></span> <span class='ocrx_word' id='word_1_522' title='bbox 1493 5049 1535 5105; x_wconf 83' lang='lat'><strong>54.</strong></span> <span class='ocrx_word' id='word_1_523' title='bbox 1622 5049 1656 5102; x_wconf 81' lang='lat'><strong>36</strong></span> <span class='ocrx_word' id='word_1_524' title='bbox 1674 5046 1724 5102; x_wconf 91' lang='lat' dir='ltr'><strong>Iob</strong></span> <span class='ocrx_word' id='word_1_525' title='bbox 1742 5047 1762 5112; x_wconf 92' lang='lat' dir='ltr'><strong>I,</strong></span> <span class='ocrx_word' id='word_1_526' title='bbox 1780 5047 1823 5100; x_wconf 83' lang='lat'><strong>21.</strong></span> 
     </span>
    </p>
   </div>
   <div class='ocr_carea' id='block_1_4' title="bbox 419 5220 2068 5819">
    <p class='ocr_par' dir='ltr' id='par_1_4' title="bbox 419 5220 2068 5819">
     <span class='ocr_line' id='line_1_44' title="bbox 523 5220 2066 5292; baseline -0.005 -13"><span class='ocrx_word' id='word_1_527' title='bbox 523 5226 538 5279; x_wconf 93' lang='lat'>1</span> <span class='ocrx_word' id='word_1_528' title='bbox 563 5228 722 5281; x_wconf 80' lang='lat' dir='ltr'><strong>solabantG</strong></span> <span class='ocrx_word' id='word_1_529' title='bbox 828 5223 845 5276; x_wconf 78' lang='lat'><strong>4</strong></span> <span class='ocrx_word' id='word_1_530' title='bbox 867 5226 1013 5292; x_wconf 85' lang='lat' dir='ltr'><strong>duplicatus</strong></span> <span class='ocrx_word' id='word_1_531' title='bbox 1033 5224 1152 5276; x_wconf 72' lang='grc' dir='ltr'>Οαιιίιιιιι</span> <span class='ocrx_word' id='word_1_532' title='bbox 1221 5241 1269 5278; x_wconf 85' lang='lat' dir='ltr'><strong>nse</strong></span> <span class='ocrx_word' id='word_1_533' title='bbox 1286 5221 1366 5291; x_wconf 85' lang='lat' dir='ltr'><strong>illius]</strong></span> <span class='ocrx_word' id='word_1_534' title='bbox 1376 5221 1386 5291; x_wconf 93' lang='grc' dir='ltr'><strong>ΙΙ</strong></span> <span class='ocrx_word' id='word_1_535' title='bbox 1394 5225 1464 5276; x_wconf 88' lang='lat' dir='ltr'><strong>illius</strong></span> <span class='ocrx_word' id='word_1_536' title='bbox 1485 5225 1508 5276; x_wconf 78' lang='lat'><em>0</em></span> <span class='ocrx_word' id='word_1_537' title='bbox 1616 5223 1633 5276; x_wconf 81' lang='lat'>5</span> <span class='ocrx_word' id='word_1_538' title='bbox 1654 5221 1738 5291; x_wconf 89' lang='lat' dir='ltr'><strong>illum]</strong></span> <span class='ocrx_word' id='word_1_539' title='bbox 1759 5223 1782 5275; x_wconf 79' lang='lat' dir='ltr'><strong><em>G</em></strong></span> <span class='ocrx_word' id='word_1_540' title='bbox 1885 5221 1903 5273; x_wconf 89' lang='lat'>8</span> <span class='ocrx_word' id='word_1_541' title='bbox 1925 5220 1963 5288; x_wconf 85' lang='lat' dir='ltr'><strong>ut]</strong></span> <span class='ocrx_word' id='word_1_542' title='bbox 1982 5223 2066 5288; x_wconf 76' lang='lat' dir='ltr'><strong>mpmt.</strong></span> 
     </span>
     <span class='ocr_line' id='line_1_45' title="bbox 421 5307 2067 5379; baseline -0.004 -14"><span class='ocrx_word' id='word_1_543' title='bbox 421 5316 570 5379; x_wconf 81' lang='lat' dir='ltr'><strong>Mommsen,</strong></span> <span class='ocrx_word' id='word_1_544' title='bbox 587 5316 674 5366; x_wconf 68' lang='lat' dir='ltr'><strong>aaa</strong></span> <span class='ocrx_word' id='word_1_545' title='bbox 795 5311 829 5364; x_wconf 90' lang='lat'><strong>10</strong></span> <span class='ocrx_word' id='word_1_546' title='bbox 852 5313 1006 5379; x_wconf 86' lang='lat' dir='ltr'><strong>promitteris</strong></span> <span class='ocrx_word' id='word_1_547' title='bbox 1026 5312 1049 5363; x_wconf 78' lang='lat' dir='ltr'><strong><em>G</em></strong></span> <span class='ocrx_word' id='word_1_548' title='bbox 1135 5320 1209 5364; x_wconf 87' lang='lat' dir='ltr'><strong>tuum</strong></span> <span class='ocrx_word' id='word_1_549' title='bbox 1230 5313 1253 5363; x_wconf 74' lang='lat' dir='ltr'><em>G</em></span> <span class='ocrx_word' id='word_1_550' title='bbox 1373 5309 1404 5362; x_wconf 93' lang='lat' dir='ltr'><strong>ll</strong></span> <span class='ocrx_word' id='word_1_551' title='bbox 1424 5312 1533 5364; x_wconf 86' lang='lat' dir='ltr'><strong>credaris</strong></span> <span class='ocrx_word' id='word_1_552' title='bbox 1554 5312 1577 5362; x_wconf 79' lang='lat'><em>0</em></span> <span class='ocrx_word' id='word_1_553' title='bbox 1699 5307 1730 5360; x_wconf 77' lang='lat'><strong>17</strong></span> <span class='ocrx_word' id='word_1_554' title='bbox 1754 5309 1933 5361; x_wconf 83' lang='lat' dir='ltr'><strong>discendentis.</strong></span> <span class='ocrx_word' id='word_1_555' title='bbox 1954 5309 2024 5374; x_wconf 83' lang='lat' dir='ltr'><strong>Ergo</strong></span> <span class='ocrx_word' id='word_1_556' title='bbox 2044 5309 2067 5358; x_wconf 79' lang='lat' dir='ltr'><strong><em>G</em></strong></span> 
     </span>
     <span class='ocr_line' id='line_1_46' title="bbox 421 5394 2066 5466; baseline -0.004 -14"><span class='ocrx_word' id='word_1_557' title='bbox 421 5401 454 5454; x_wconf 82' lang='lat'><strong>18</strong></span> <span class='ocrx_word' id='word_1_558' title='bbox 472 5403 664 5454; x_wconf 85' lang='lat' dir='ltr'><strong>corroborarent</strong></span> <span class='ocrx_word' id='word_1_559' title='bbox 684 5402 706 5452; x_wconf 76' lang='lat' dir='ltr'><strong><em>G</em></strong></span> <span class='ocrx_word' id='word_1_560' title='bbox 826 5397 860 5451; x_wconf 78' lang='lat'><strong>22</strong></span> <span class='ocrx_word' id='word_1_561' title='bbox 878 5397 933 5464; x_wconf 87' lang='lat' dir='ltr'><strong>uos]</strong></span> <span class='ocrx_word' id='word_1_562' title='bbox 953 5398 1116 5464; x_wconf 68' lang='lat' dir='ltr'><strong>bajolans,</strong></span> <span class='ocrx_word' id='word_1_563' title='bbox 1133 5399 1221 5450; x_wconf 82' lang='lat' dir='ltr'><strong>uonG</strong></span> <span class='ocrx_word' id='word_1_564' title='bbox 1281 5400 1452 5452; x_wconf 80' lang='lat' dir='ltr'><strong>uolucmusG</strong></span> <span class='ocrx_word' id='word_1_565' title='bbox 1513 5415 1590 5466; x_wconf 87' lang='lat' dir='ltr'><strong>quam</strong></span> <span class='ocrx_word' id='word_1_566' title='bbox 1608 5397 1674 5448; x_wconf 88' lang='lat' dir='ltr'><strong>diuis</strong></span> <span class='ocrx_word' id='word_1_567' title='bbox 1691 5397 1714 5446; x_wconf 77' lang='lat' dir='ltr'><strong><em>G</em></strong></span> <span class='ocrx_word' id='word_1_568' title='bbox 1731 5403 1755 5446; x_wconf 86' lang='lat' dir='ltr'><strong>ct</strong></span> <span class='ocrx_word' id='word_1_569' title='bbox 1774 5395 1891 5446; x_wconf 72' lang='lat' dir='ltr'><strong>canisae</strong></span> <span class='ocrx_word' id='word_1_570' title='bbox 1951 5394 2066 5460; x_wconf 87' lang='lat' dir='ltr'><strong>promisit</strong></span> 
     </span>
     <span class='ocr_line' id='line_1_47' title="bbox 422 5479 2068 5553; baseline -0.004 -14"><span class='ocrx_word' id='word_1_571' title='bbox 422 5489 539 5540; x_wconf 66' lang='lat' dir='ltr'><strong>Canities</strong></span> <span class='ocrx_word' id='word_1_572' title='bbox 659 5485 695 5537; x_wconf 74' lang='lat'><strong>23</strong></span> <span class='ocrx_word' id='word_1_573' title='bbox 713 5488 813 5553; x_wconf 82' lang='lat' dir='ltr'><strong>qualem</strong></span> <span class='ocrx_word' id='word_1_574' title='bbox 838 5487 942 5552; x_wconf 86' lang='lat' dir='ltr'><strong>quidem</strong></span> <span class='ocrx_word' id='word_1_575' title='bbox 965 5485 1096 5536; x_wconf 86' lang='lat' dir='ltr'><strong>noluimus</strong></span> <span class='ocrx_word' id='word_1_576' title='bbox 1116 5485 1234 5536; x_wconf 71' lang='lat' dir='ltr'><strong>danaim</strong></span> <span class='ocrx_word' id='word_1_577' title='bbox 1355 5483 1390 5537; x_wconf 78' lang='lat'><strong>24</strong></span> <span class='ocrx_word' id='word_1_578' title='bbox 1407 5486 1529 5537; x_wconf 69' lang='grc' dir='ltr'><strong>ιιοιιιιείτ1</strong></span> <span class='ocrx_word' id='word_1_579' title='bbox 1657 5479 1692 5534; x_wconf 78' lang='lat'><strong>25</strong></span> <span class='ocrx_word' id='word_1_580' title='bbox 1709 5481 1808 5533; x_wconf 74' lang='lat' dir='ltr'><strong>norati</strong></span> <span class='ocrx_word' id='word_1_581' title='bbox 1882 5481 2068 5534; x_wconf 82' lang='lat' dir='ltr'><strong>discendsrsO</strong></span> 
     </span>
     <span class='ocr_line' id='line_1_48' title="bbox 419 5567 2066 5640; baseline -0.004 -13"><span class='ocrx_word' id='word_1_582' title='bbox 419 5574 452 5626; x_wconf 76' lang='lat'><strong>29</strong></span> <span class='ocrx_word' id='word_1_583' title='bbox 470 5571 564 5639; x_wconf 88' lang='lat' dir='ltr'><strong>obuisi]</strong></span> <span class='ocrx_word' id='word_1_584' title='bbox 584 5572 734 5637; x_wconf 77' lang='lat' dir='ltr'><strong>Montmaca,</strong></span> <span class='ocrx_word' id='word_1_585' title='bbox 751 5574 840 5625; x_wconf 88' lang='lat' dir='ltr'><strong>obtimi</strong></span> <span class='ocrx_word' id='word_1_586' title='bbox 854 5574 885 5637; x_wconf 80' lang='lat' dir='ltr'><strong>G,</strong></span> <span class='ocrx_word' id='word_1_587' title='bbox 909 5573 981 5624; x_wconf 88' lang='lat' dir='ltr'><strong>obliti</strong></span> <span class='ocrx_word' id='word_1_588' title='bbox 1001 5572 1119 5624; x_wconf 77' lang='lat' dir='ltr'><strong>Oaniaim</strong></span> <span class='ocrx_word' id='word_1_589' title='bbox 1222 5571 1255 5624; x_wconf 89' lang='lat'><strong>31</strong></span> <span class='ocrx_word' id='word_1_590' title='bbox 1274 5570 1348 5639; x_wconf 88' lang='lat' dir='ltr'><strong>quos]</strong></span> <span class='ocrx_word' id='word_1_591' title='bbox 1367 5573 1526 5640; x_wconf 65' lang='lat' dir='ltr'><strong>Lattr&#39;olsoms,</strong></span> <span class='ocrx_word' id='word_1_592' title='bbox 1543 5573 1576 5638; x_wconf 86' lang='lat' dir='ltr'><strong>cs.</strong></span> <span class='ocrx_word' id='word_1_593' title='bbox 1594 5570 1668 5635; x_wconf 83' lang='lat' dir='ltr'><strong>infra</strong></span> <span class='ocrx_word' id='word_1_594' title='bbox 1680 5567 1727 5631; x_wconf 90' lang='grc' dir='ltr'><strong>ΙΙ,</strong></span> <span class='ocrx_word' id='word_1_595' title='bbox 1739 5572 1783 5631; x_wconf 80' lang='grc'><strong>46,</strong></span> <span class='ocrx_word' id='word_1_596' title='bbox 1799 5568 1905 5634; x_wconf 75' lang='lat' dir='ltr'><strong>quoue</strong></span> <span class='ocrx_word' id='word_1_597' title='bbox 1956 5569 2066 5620; x_wconf 80' lang='lat' dir='ltr'><strong>nullaG</strong></span> 
     </span>
     <span class='ocr_line' id='line_1_49' title="bbox 419 5650 2068 5722; baseline -0.003 -10"><span class='ocrx_word' id='word_1_598' title='bbox 419 5659 454 5713; x_wconf 88' lang='lat'><strong>33</strong></span> <span class='ocrx_word' id='word_1_599' title='bbox 470 5660 621 5712; x_wconf 89' lang='lat' dir='ltr'><strong>morientum</strong></span> <span class='ocrx_word' id='word_1_600' title='bbox 639 5676 706 5711; x_wconf 79' lang='lat' dir='ltr'><strong>corr.</strong></span> <span class='ocrx_word' id='word_1_601' title='bbox 725 5660 887 5712; x_wconf 83' lang='lat' dir='ltr'><strong>morientium</strong></span> <span class='ocrx_word' id='word_1_602' title='bbox 899 5657 938 5711; x_wconf 79' lang='lat'><strong>0²</strong></span> <span class='ocrx_word' id='word_1_603' title='bbox 1061 5656 1095 5711; x_wconf 85' lang='lat'><strong>34</strong></span> <span class='ocrx_word' id='word_1_604' title='bbox 1113 5660 1201 5713; x_wconf 83' lang='lat' dir='ltr'><strong>cuim?</strong></span> <span class='ocrx_word' id='word_1_605' title='bbox 1219 5676 1285 5712; x_wconf 74' lang='lat' dir='ltr'><strong>corr.</strong></span> <span class='ocrx_word' id='word_1_606' title='bbox 1303 5676 1359 5714; x_wconf 83' lang='lat' dir='ltr'><strong>cam</strong></span> <span class='ocrx_word' id='word_1_607' title='bbox 1374 5657 1414 5712; x_wconf 78' lang='lat'><strong>0¹</strong></span> <span class='ocrx_word' id='word_1_608' title='bbox 1535 5655 1569 5708; x_wconf 88' lang='grc'><strong>38</strong></span> <span class='ocrx_word' id='word_1_609' title='bbox 1586 5661 1632 5708; x_wconf 83' lang='lat' dir='ltr'><strong>aut</strong></span> <span class='ocrx_word' id='word_1_610' title='bbox 1649 5650 1703 5722; x_wconf 86' lang='lat' dir='ltr'><strong>ore]</strong></span> <span class='ocrx_word' id='word_1_611' title='bbox 1722 5660 1825 5709; x_wconf 82' lang='lat' dir='ltr'><strong>auctore</strong></span> <span class='ocrx_word' id='word_1_612' title='bbox 1845 5654 1869 5710; x_wconf 74' lang='lat' dir='ltr'><strong><em>G</em></strong></span> <span class='ocrx_word' id='word_1_613' title='bbox 1937 5662 2023 5711; x_wconf 84' lang='lat' dir='ltr'><strong>nostro</strong></span> <span class='ocrx_word' id='word_1_614' title='bbox 2044 5655 2068 5707; x_wconf 80' lang='lat' dir='ltr'><strong><em>G</em></strong></span> 
     </span>
     <span class='ocr_line' id='line_1_50' title="bbox 420 5747 651 5819; baseline 0 -19"><span class='ocrx_word' id='word_1_615' title='bbox 420 5747 454 5800; x_wconf 89' lang='grc'><strong>39</strong></span> <span class='ocrx_word' id='word_1_616' title='bbox 472 5747 608 5819; x_wconf 81' lang='lat' dir='ltr'><strong>perdcdcro</strong></span> <span class='ocrx_word' id='word_1_617' title='bbox 629 5747 651 5800; x_wconf 82' lang='lat' dir='ltr'><em>G</em></span> 
     </span>
    </p>
   </div>
   <div class='ocr_carea' id='block_1_5' title="bbox 0 0 2289 6434">
    <p class='ocr_par' dir='ltr' id='par_1_5' title="bbox 0 0 2289 6434">
     <span class='ocr_line' id='line_1_51' title="bbox 0 0 2289 6434; baseline 0 0"><span class='ocrx_word' id='word_1_618' title='bbox 0 0 2289 6434; x_wconf 95' lang='lat' dir='ltr'><strong> </strong></span> 
     </span>
    </p>
   </div>
  </div>
 </body>
</html>
