4560 6434
844 407 952 463 ulcus
970 408 992 473 I,
1014 407 1096 474 153
1114 438 1147 447 -
1164 409 1205 462 Ill
1223 409 1239 476 ξ
1257 411 1282 464 5.
1820 416 1880 479 301

237 581 278 646 de
311 580 418 646 reditu
451 602 548 667 quam
580 581 741 668 imputare
775 582 815 647 dc
850 583 955 670 lapsu.
1006 583 1148 668 denique
1183 604 1247 647 non
1283 583 1314 648 ei
1349 586 1588 672 exprobrantur
1620 586 1781 667 facinora,
1819 608 1885 652 non
1941 581 1975 654 G

235 687 375 768 luxuria,
398 705 463 750 non
487 693 635 771 egestam
659 687 737 752 ‘sola
759 690 909 754 conversi
931 690 1077 755 reversio
1101 690 1210 754 omnia
1232 687 1352 753 damna
1374 694 1575 776 compensat,
1599 689 1675 775 quia
1697 691 1800 755 maior
1820 691 1884 755 fuit

235 792 350 877 procul
372 789 471 856 dubio
494 791 579 877 patri
602 791 740 855 facultas
763 791 889 858 reditus
906 814 1004 879 quam
1017 815 1127 859 rerum
1144 793 1296 859 facultas.
1332 794 1442 879 itaque
1459 793 1625 858 abscessio
1640 813 1732 858 rcum
1748 793 1882 874 fecerat,
1916 797 1934 858 7

234 896 398 981 regressio
419 894 498 959 fecit
517 889 677 960 insolitem
701 902 735 961 et
752 896 975 962 misericordia
995 897 1115 963 sufficit
1138 895 1260 977 heredi,
1285 897 1362 981 quin
1388 896 1486 960 etiam
1512 903 1671 983 paternae
1692 897 1883 964 clementiae

196 1015 208 1052 ι
236 1002 331 1064 venia
354 998 425 1064 sola
446 1020 511 1063 non
536 998 664 1074 sufficit,
688 998 774 1085 quod
798 1001 882 1065 ulnis
905 1001 1004 1078 foret,
1035 1000 1120 1087 quod
1144 1001 1251 1085 gratia
1272 1000 1465 1086 permulcet,
1495 1001 1558 1064 nisi
1581 1006 1615 1065 et
1637 1021 1773 1066 munera
1793 1001 1885 1086 larga

235 1103 439 1190 multiplicet.
480 1101 536 1168 dat
556 1104 700 1184 anulum,
723 1125 765 1168 ne
788 1125 900 1168 rursus
924 1125 944 1168 a
966 1111 1071 1190 patre,
1095 1102 1232 1190 perfidia
1253 1102 1450 1182 abducente,
1473 1102 1638 1178 discedat3
1662 1104 1886 1170 calceamenta
1917 1107 1936 1170 8

237 1207 294 1272 dat
314 1207 464 1293 pedibus,
486 1227 550 1291 quo
573 1208 702 1272 facilius
726 1206 820 1272 ardui
842 1209 968 1274 itineris
992 1229 1110 1295 aspera
1133 1214 1167 1273 et
1184 1209 1266 1273 dura
1282 1214 1482 1285 contemnat;
1506 1207 1563 1274 dat
1577 1214 1611 1274 et
1626 1211 1730 1295 ipsam
1747 1209 1884 1296 primam

235 1331 332 1397 quam
361 1310 551 1397 perdiderat
578 1311 709 1392 stolam,
740 1319 777 1376 ut
803 1332 900 1397 quem
923 1334 943 1376 a
965 1321 1070 1378 morte
1094 1318 1278 1399 receperat,
1308 1312 1447 1399 pristina
1468 1312 1712 1377 immortalitate
1735 1312 1883 1378 donaret.

234 1414 331 1480 datur
360 1415 459 1480 etiam
489 1415 561 1500 ipso
594 1415 711 1478 iuniori
734 1416 856 1480 vitulus
884 1437 1031 1496 reverso,
1062 1417 1116 1501 qui
1146 1417 1265 1481 seniori
1289 1438 1393 1502 agnus
1416 1417 1513 1482 datus
1537 1417 1645 1482 fuerat
1666 1416 1706 1481 de
1729 1417 1884 1504 Aegypto

183 1533 208 1572 ¹⁰
233 1520 433 1608 profecturo,
471 1519 547 1605 quia
576 1519 647 1605 ipse
682 1517 791 1583 educit
827 1541 870 1584 ex
898 1521 1051 1607 Aegypto
1084 1525 1186 1605 pater.
1241 1521 1323 1584 tanti
1360 1522 1508 1606 parentis
1544 1522 1671 1585 imitare
1705 1527 1740 1585 tu
1775 1520 1883 1600 fidem,
1916 1525 1935 1586 a

234 1625 326 1690 trade
348 1623 576 1710 peccatoribus
598 1623 809 1698 adiutorium,
838 1631 969 1710 praesta
993 1623 1186 1688 conantibus
1211 1625 1450 1706 remissionem,
1474 1626 1741 1689 intercessionem
1765 1626 1884 1710 largire

234 1731 466 1817 confitentique
490 1730 556 1794 filio
579 1751 645 1794 non
669 1730 774 1794 solum
799 1730 870 1816 ipse
893 1730 1021 1795 veniam
1045 1730 1163 1806 tribue,
1187 1728 1246 1793 sed
1269 1729 1340 1815 ipsc
1363 1729 1493 1793 reniam
1517 1728 1705 1815 deprecare,
1727 1735 1765 1793 ιιι
1787 1749 1884 1814 quem

233 1836 266 1901 in
288 1837 463 1922 peregrina
485 1835 591 1920 patria
614 1835 764 1921 appellas
786 1834 942 1916 liberum,
971 1835 1005 1898 in
1032 1836 1165 1921 propria
1193 1834 1300 1920 possis
1323 1832 1436 1899 videre
1462 1834 1649 1913 liberatum,
1680 1841 1714 1899 ct
1739 1834 1794 1919 qui
1823 1855 1884 1920 per

234 1962 270 2006 se
293 1941 401 2005 amisit
423 1939 619 2004 dominicam
650 1938 896 2018 liberalitatem,
927 1960 986 2024 per
1013 1945 1046 2004 tc
1070 1945 1237 2004 mereatur
1260 1939 1416 2022 consequi
1438 1936 1623 2002 libertatem
1646 1958 1706 2001 nec
1731 1960 1750 2003 a
1773 1945 1883 2002 vestro

181 2061 206 2098 ¹⁵
234 2051 403 2130 separetur
426 2043 558 2122 solacio,
582 2043 637 2127 qui
662 2048 886 2128 sequestratur
907 2065 926 2106 a
949 2044 1104 2130 praemio.

1027 2303 1088 2370 ΙΙΙ.

269 2456 623 2527 DEVINGTISSIMO
639 2455 768 2521 FILIO
793 2457 1066 2533 SEMPERQUE
1089 2457 1342 2525 MAGNIFIOO
1365 2459 1594 2525 HESPERIO
1618 2457 1843 2524 RURIOIUS.

339 2613 512 2708 Senianum
534 2639 613 2703 mihi
638 2639 679 2703 ad
702 2640 954 2706 unanimitatem
975 2648 1066 2706 tuam
1089 2642 1223 2720 aditum,
1247 2662 1342 2727 quem
1366 2641 1577 2705 obstruxerat
1591 2641 1765 2728 imperitia,
1788 2646 1881 2726 pate·
1918 2645 1931 2704 l

230 2749 309 2813 fecit
338 2746 475 2810 affectus
505 2751 538 2808 et
569 2743 626 2807 illa
652 2742 851 2807 dominatrix
882 2745 1025 2809 omniurn
1054 2745 1177 2831 pietas,
1211 2766 1272 2832 per
1301 2766 1397 2830 quam
1427 2745 1603 2810 flectuntur
1630 2744 1750 2830 rigida,
1780 2766 1884 2809 saxea

169 2868 205 2910 ἰο
231 2853 430 2930 molliuntur,
470 2849 627 2915 sedantur
659 2847 797 2928 tumida,
833 2849 999 2913 leniuntur
1033 2870 1165 2934 aspera,
1201 2853 1388 2913 tumescunt
1422 2849 1526 2929 lenia,
1564 2849 1740 2914 mitescunt
1771 2869 1882 2929 saeva,

232 2957 383 3022 saeviunt
404 2956 511 3036 mitia,
542 2953 768 3018 accenduntur
796 2951 941 3038 placida,
962 2959 1135 3016 'acuuntur
1164 2952 1275 3032 bruta,
1307 2952 1513 3017 dominantur
1541 2953 1694 3033 barbara,
1724 2953 1881 3017 immania

230 3064 412 3149 placantur,
442 3061 541 3123 etiam
565 3059 598 3122 in
621 3079 674 3122 me
697 3078 780 3144 opus
803 3079 897 3121 suum
921 3077 1099 3144 peragens,
1133 3077 1169 3120 os
1193 3057 1324 3141 elingue
1348 3057 1524 3136 reseravit,
1554 3056 1736 3144 producens
1760 3078 1813 3121 me
1837 3079 1879 3122 ex

229 3166 390 3231 tutissimo
424 3163 545 3228 silentii
579 3183 713 3227 recessu
749 3159 790 3224 ad
820 3161 988 3247 publicum
1017 3161 1322 3246 formidandumque
1353 3161 1523 3240 iudicium,
1558 3168 1590 3225 et
1618 3162 1754 3227 invitata
1774 3163 1878 3228 vestri

229 3290 313 3333 nova
343 3268 450 3332 subire
478 3265 657 3351 compellit,
693 3265 818 3329 scilicet
850 3273 886 3330 ut
916 3267 970 3351 qui
1000 3266 1159 3330 hactenus
1188 3266 1277 3330 illam
1310 3267 1504 3330 sententiam
1535 3272 1666 3330 secutus
1702 3267 1878 3353 antiquam,
1911 3268 1931 3328 2

176 3387 201 3427 2⁵
229 3393 293 3459 qua
321 3370 440 3435 dicitur
469 3389 705 3455 saepenumero
730 3375 899 3454 praestare
924 3377 1034 3435 tacere
1058 3391 1154 3456 quam
1177 3369 1302 3452 diacre,
1333 3369 1540 3433 inscientiam
1571 3390 1678 3433 meam
1707 3370 1878 3434 maluerim

229 3474 447 3540 verecundiae
475 3475 700 3538 taciturnitate
723 3478 836 3557 tegere
865 3495 961 3559 quam
992 3474 1200 3560 impudenter
1228 3473 1389 3538 incondito
1421 3493 1571 3537 sermone
1600 3473 1763 3558 proferre,
1795 3495 1880 3537 nunc

228 3587 294 3644 tam
328 3577 575 3643 consuetudinis
610 3599 703 3643 meae
739 3578 913 3642 'immemor
947 3598 1044 3664 quam
1078 3579 1274 3642 rusticitatis
1308 3577 1444 3658 oblitus,
1486 3578 1578 3660 quasi
1614 3596 1655 3640 ex
1690 3578 1810 3642 Arione
1846 3579 1878 3641 in

229 3683 395 3770 Orpheum
425 3689 560 3768 repente
587 3688 746 3760 mutatus,
776 3682 872 3746 velim
901 3680 1124 3745 disertissimis
1154 3680 1286 3744 auribus
1314 3682 1378 3746 tuis
1401 3701 1455 3745 ore
1479 3679 1609 3766 garrulo
1632 3701 1695 3746 non
1718 3687 1785 3744 tam
1808 3681 1879 3745 offi-

201 3775 204 3804 ³
230 3789 336 3852 ciosus
365 3808 462 3872 quam
490 3785 666 3850 iniuriosus
697 3787 856 3866 existere,
885 3785 962 3851 dum
985 3793 1020 3850 et
1041 3788 1154 3871 ignota
1175 3792 1360 3874 pertempto
1385 3794 1419 3852 et
1442 3787 1571 3851 insuete
1593 3807 1776 3872 praesumo.
1821 3787 1878 3852 sed
1913 3790 1931 3850 3

177 3906 204 3946 ³⁰
230 3891 363 3969 dabitis,
392 3897 429 3953 ut
452 3911 536 3971 reor,
559 3890 688 3954 veniam
712 3890 856 3954 venienti
882 3912 925 3954 ex
947 3890 1190 3956 necessitudine
1214 3891 1424 3955 necessariae
1448 3887 1688 3970 necessitatis,
1705 3887 1880 3976 quia'quid
1979 3955 1987 3964 ,

229 3995 361 4060 dileetio
390 3995 424 4058 in
458 3993 645 4057 mortalium
680 3993 844 4058 mentibus
879 3994 1019 4059 naturali
1053 4001 1218 4081 potestate
1255 3995 1317 4058 sibi
1351 3995 1509 4076 vindicet,
1547 3995 1713 4060 conscium
1747 4001 1880 4060 mutuae

229 4099 392 4186 passionis
424 4104 538 4183 pectus
572 4098 732 4182 agnoscit.
790 4120 870 4184 ergo
903 4120 944 4163 ne
979 4099 1184 4163 excusationi
1218 4098 1340 4164 diutius
1379 4101 1605 4178 immorantes,
1646 4100 1691 4163 ita
1724 4100 1879 4185 paginam
1912 4104 1931 4162 4

229 4203 417 4282 dilatemus,
440 4207 476 4265 ut
499 4221 563 4264 non
586 4201 691 4264 solum
714 4202 774 4266 tibi
796 4224 861 4267 non
885 4203 1042 4268 exhibeat
1066 4225 1173 4268 sermo
1196 4202 1390 4289 incomptior
1413 4240 1501 4280 ·····
1525 4225 1636 4269 verum
1661 4205 1759 4268 ctiam
1784 4205 1879 4289 copia

228 4306 412 4371 inordinata
432 4303 610 4383 fastidium,
634 4305 698 4369 iarn
716 4305 749 4369 in
765 4327 879 4370 vocem
894 4306 1027 4392 pietatis
1045 4307 1244 4393 erumpimus
1262 4315 1296 4372 et
1311 4307 1548 4372 desideriorum
1564 4305 1664 4372 verba
1679 4313 1879 4386 ructuamus,

176 4425 201 4464 ³⁵
229 4407 494 4474 commendantes
518 4408 577 4472 tibi
607 4397 724 4494 pignus
755 4415 917 4490 nostrum,
949 4410 1133 4496 depositum
1164 4418 1274 4493 tuum,
1305 4413 1396 4476 cuius
1424 4433 1485 4476 nos
1514 4410 1719 4496 susceptione
1751 4411 1878 4496 cepisti.

228 4514 288 4578 tibi
313 4513 399 4576 enim
424 4533 516 4597 spem
539 4512 742 4596 posteritatis
765 4534 870 4590 meae,
892 4512 951 4577 tibi
968 4515 1126 4579 solacium
1143 4516 1229 4580 vitae
1246 4517 1430 4602 praesentis
1447 4521 1479 4578 et
1495 4515 1657 4594 levamen,
1681 4515 1709 4577 si
1726 4512 1878 4578 divinitas
1911 4518 1930 4576 5

227 4616 393 4698 adnuerit,
423 4615 567 4694 futurae,
598 4614 659 4678 tibi
688 4635 753 4680 una
782 4619 890 4681 omnia
919 4637 993 4681 mea
1019 4625 1095 4682 vota
1128 4619 1285 4683 commisi.
1331 4627 1364 4684 te
1396 4619 1575 4684 elicitorem
1607 4624 1641 4680 et
1669 4617 1879 4680 formatorem

227 4721 413 4807 lapillorum
436 4719 604 4796 nobilium,
628 4725 660 4782 te
684 4719 872 4784 rimatorem
895 4722 976 4802 auri,
1006 4726 1040 4785 te
1064 4727 1265 4808 repertorem
1288 4744 1393 4810 aquae
1415 4722 1549 4786 latentis
1573 4721 1668 4806 elegi,
1697 4720 1751 4806 qui
1774 4720 1877 4784 scires

228 4853 637 4872 .-,....-..-,.-.-..--.

330 4929 347 4982 6
366 4926 431 4981 buc.
451 4927 511 4991 XV,
527 4927 570 4981 22.
657 4926 674 4980 9
692 4924 757 4980 Luc.
777 4925 837 4992 XV,
855 4925 897 4980 23.
951 4925 1037 4984 Exod.
1055 4926 1116 4990 XII,
1133 4929 1159 4984 3.

331 5049 480 5117 101]er
575 5047 762 5116 2eonucrnan,
779 5050 981 5103 roaeouth
1076 5048 1093 5102 3
1111 5052 1237 5118 itaquel)
1297 5048 1379 5117 raum]
1398 5067 1416 5102 ιι
1434 5067 1526 5102 cem-r.
1541 5045 1584 5101 G²
1679 5047 1697 5100 4
1715 5051 1778 5116 quin
1796 5051 1873 5102 ctiam

227 5141 304 5192 uenia
321 5139 389 5191 sola:
412 5147 533 5205 paternae
558 5139 708 5190 clamentiae
726 5155 778 5190 non
796 5139 892 5189 sufficit
909 5138 974 5188 roni.
991 5137 1133 5189 Monrmsem
1211 5146 1237 5190 st
1254 5156 1267 5189 a
1285 5156 1353 5190 corr.
1368 5138 1408 5188 θ’
1487 5137 1616 5189 nemu...
1639 5153 1706 5188 corr.
1729 5137 1815 5189 heredi
1836 5137 1876 5189 0¹

226 5225 243 5277 5
261 5227 372 5294 largae
476 5223 492 5276 6
510 5226 607 5294 perfida
623 5225 735 5277 abducas
751 5225 801 5289 θ’,
820 5225 925 5293 perfidia
944 5225 1008 5276 duce
1026 5233 1050 5276 et
1066 5225 1094 5275 in
1111 5243 1160 5292 mp.
1179 5225 1241 5277 odd.
1259 5225 1294 5277 al.
1313 5225 1409 5293 perfida
1425 5225 1568 5276 abducente
1584 5224 1623 5275 0²
1729 5222 1763 5275 10
1779 5225 1878 5277 imitare

227 5313 266 5380 tn]
283 5314 434 5376 dfommma,
451 5315 550 5366 imitare
562 5321 651 5366 tantus
665 5313 791 5377 cansam,
808 5312 1003 5378 imitantan¹,
1018 5313 1047 5363 ia
1058 5312 1222 5379 mauram.
1235 5313 1306 5364 imita
1318 5312 1358 5363 0¹
1446 5309 1477 5361 11
1492 5310 1709 5362 intercessioncG
1796 5310 1829 5364 15
1840 5329 1878 5364 sc·

226 5407 341 5466 questrat
355 5400 403 5464 0¹,
420 5417 487 5452 corr.
500 5401 540 5451 0²
592 5396 618 5466 a]
638 5400 723 5452 cml}
808 5397 842 5452 22
860 5399 1032 5468 oclinguaeG
1118 5397 1153 5452 23
1170 5397 1290 5466 incitata]
1304 5398 1455 5462 Moormrerr,
1472 5397 1555 5449 innita
1571 5397 1660 5449 iamG
1745 5395 1778 5450 al
1791 5399 1879 5451 iarnG

225 5481 322 5550 arione]
340 5485 409 5535 illud
426 5484 616 5552 Vergilianum:
633 5486 667 5536 sit
678 5487 783 5552 Tityrus
795 5487 922 5554 Orpheus,
940 5487 1058 5554 Orpheus
1075 5487 1101 5536 in
1120 5487 1201 5550 silvis,
1219 5486 1286 5538 inter
1297 5486 1431 5553 delphinas
1442 5485 1523 5536 Arion
1538 5483 1638 5550 (Ecloq.
1652 5483 1734 5549 VIII,
1745 5483 1789 5541 66)
1803 5485 1877 5536 borno

225 5570 333 5622 stolidas
349 5571 417 5622 male
434 5571 587 5622 intellexisse
603 5571 712 5634 radetur,
728 5580 756 5622 at
773 5575 870 5625 monuit
887 5575 1029 5625 Mommsen
1140 5571 1291 5625 aseneum
1313 5574 1336 5624 0
1404 5572 1491 5624 uallim
1513 5573 1536 5624 G
1646 5570 1681 5623 29
1698 5573 1817 5640 pcrtimto
1838 5573 1877 5624 0¹

225 5655 260 5708 30
277 5657 460 5710 nscessitatiG
564 5656 599 5710 32
617 5659 693 5709 immo
711 5661 876 5712 morantcsdl
979 5659 1014 5712 33
1031 5661 1154 5728 meppleaa
1172 5661 1329 5729 voluptatem
1435 5657 1469 5710 38
1486 5660 1563 5712 lantis
1576 5661 1623 5724 0¹,
1640 5659 1778 5724 lentisG²,
1794 5661 1877 5714 laticis

225 5744 289 5796 corti.
303 5743 445 5850 Mommrcft
514 5745 575 5812 eligi
596 5745 619 5796 G
688 5746 761 5798 sciris
782 5746 804 5796 0
