4612 6428
865 383 889 436 V
907 401 933 435 v.
950 384 1001 438 494
1020 414 1052 424 -
1071 401 1097 436 v.
1115 384 1173 438 578.

560 556 825 643 Caesareumque
839 549 949 624 'larem
974 560 1054 622 luxu
1077 567 1209 645 torpere
1236 559 1373 644 perenni

559 662 744 727 audieram:
769 663 917 727 dominos
940 664 986 727 nil
1010 663 1145 749 prodest
1170 665 1235 728 isse
1258 665 1398 749 priores,

560 765 588 828 si
611 787 670 830 rex
693 766 746 830 hie
770 787 899 852 quoque
923 767 1016 830 fortis
1041 764 1131 831 erat!
1177 767 1302 830 maiora
1323 775 1495 851 parantem

559 869 670 934 dicere
695 869 735 934 de
760 871 893 956 scopulo
919 870 1027 934 verbis
1052 871 1205 936 accendis
1228 873 1363 936 amaris:

502 1003 506 1014 ¹
561 975 719 1060 ‘quisquis
744 997 790 1054 es,
815 975 958 1061 oppositi
981 969 1099 1040 metuis
1123 977 1177 1060 qui
1200 975 1328 1041 lubrica
1351 976 1437 1055 olivi,

559 1077 675 1163 frange
700 1084 810 1143 cutem
833 1076 1007 1164 pendentis
1031 1099 1136 1163 aquae
1161 1080 1351 1166 scalptoque
1374 1081 1497 1146 fluento

560 1182 603 1246 sit
625 1181 684 1247 tibi
708 1182 842 1269 lympha
864 1181 997 1267 gradus.
1042 1189 1154 1269 turpes
1177 1183 1307 1270 depone
1331 1185 1499 1269 querelas:

558 1287 626 1351 otia
648 1286 750 1371 frigus
773 1286 905 1352 habent.
951 1287 1108 1372 numquid
1134 1288 1212 1352 mihi
1234 1288 1383 1353 membra
1406 1289 1555 1354 biformis

558 1390 680 1476 Hylaei
704 1399 822 1455 natura
843 1391 954 1455 dedit?
990 1413 1068 1456 num
1090 1393 1241 1477 Pegasus
1266 1394 1327 1457 alis

491 1509 528 1546 -t
561 1495 685 1560 adiuvit
707 1495 862 1580 quioquid
885 1496 1015 1580 gradior
1038 1518 1230 1582 pennasque
1255 1499 1380 1562 volanti

560 1599 616 1663 dat
639 1598 748 1663 Calais
772 1599 939 1685 Zetusque
962 1600 1052 1680 mihi,
1076 1622 1174 1685 quem
1197 1600 1354 1686 ninguida
1378 1603 1483 1666 cernis

560 1705 742 1768 calcantem
765 1704 830 1767 iam
854 1703 951 1768 dorsa
972 1705 1061 1790 iugi?
1100 1726 1159 1769 vos
1181 1705 1306 1790 frigora
1327 1706 1492 1790 frangunt,

561 1830 618 1873 vos
642 1808 766 1893 Alpes?
791 1809 855 1872 iam
879 1809 943 1873 iam
966 1809 1115 1875 studeam
1139 1831 1279 1895 pensare
1305 1809 1452 1895 pruinas:

561 1919 722 1978 aestatem
746 1913 806 1976 sub
830 1912 927 1998 Syrte
951 1913 1057 1980 dabo)
1105 1916 1150 1980 sio
1174 1915 1307 2000 agmina
1330 1935 1409 1980 voce

492 2055 497 2066 ·
562 2017 662 2101 erigis
686 2017 906 2103 exemploque
931 2019 1038 2094 levas3
1063 2020 1252 2104 primusque
1276 2019 1407 2084 labores

561 2121 752 2206 aggrederis
776 2142 999 2209 quoscumque
1024 2122 1134 2198 iubes;
1158 2130 1227 2187 tum
1252 2129 1363 2189 cetera
1385 2132 1480 2208 paret

562 2225 658 2290 turba
680 2225 797 2306 libens,
821 2227 921 2291 servit
944 2227 1085 2312 propriis
1109 2248 1183 2291 oum
1207 2227 1336 2312 legibus
1360 2233 1483 2293 auctor.

617 2327 682 2402 Qui
704 2329 762 2393 tibi
786 2335 957 2415 praeterea
981 2331 1117 2396 comites
1142 2337 1347 2416 quantusque
1370 2327 1536 2416 magister

563 2431 708 2512 militiae,
733 2439 877 2497 vestrum
902 2441 977 2519 post
1000 2455 1058 2498 vos
1082 2433 1137 2519 qui
1161 2434 1318 2519 compulit
1341 2455 1470 2519 agmen,

565 2536 623 2602 sed
646 2557 712 2600 non
734 2536 893 2600 invitum?
917 2536 1046 2621 dignus,
1071 2539 1124 2602 cui
1148 2537 1281 2602 cederet
1304 2538 1360 2602 uni

564 2641 657 2705 Sulla
679 2641 760 2720 acie,
784 2639 881 2725 genio
904 2639 1040 2719 Fabius,
1064 2642 1189 2727 pietate
1213 2640 1380 2720 Metellus,

563 2745 691 2830 Appius
716 2743 855 2829 eloquio,
880 2744 910 2807 vi
933 2743 1081 2824 Fulvius,
1106 2750 1176 2809 arte
1202 2742 1370 2809 Camillus.

564 2850 592 2913 si
615 2849 843 2934 praefecturas
868 2853 1009 2933 quantus
1032 2848 1221 2914 moderetur
1244 2848 1402 2913 honorem

563 2953 613 3018 vir
635 2973 785 3040 quaeras,
810 2952 916 3018 tendit
939 2954 1069 3038 patulos
1093 2974 1156 3038 qua
1179 2952 1288 3017 Gallia
1309 2954 1407 3034 fines,

494 3095 498 3106 ·
564 3057 621 3120 vix
643 3055 760 3120 habuit
781 3076 890 3120 mores
915 3056 1050 3134 similes,
1074 3056 1125 3120 cui
1149 3062 1235 3120 teste
1259 3062 1378 3121 senatu

564 3160 597 3223 in
621 3180 657 3224 se
682 3159 779 3222 etiam
805 3165 944 3223 tractum
968 3159 1176 3223 commiserat
1198 3158 1317 3245 leius
1342 3181 1465 3226 ensem.

565 3263 619 3347 qui
642 3260 743 3326 dietat
767 3261 862 3326 modo
886 3261 956 3326 iura
980 3261 1085 3339 Getis,
1110 3262 1170 3326 sub
1195 3261 1303 3328 iudice
1326 3270 1437 3328 vestro

565 3365 698 3451 pellitus
722 3386 833 3429 ravum
856 3386 1054 3450 praeconem
1077 3367 1215 3452 suscipit
1237 3366 1354 3433 hostis.

565 3470 642 3555 quid
665 3471 781 3555 loquar
804 3469 856 3535 hic
879 3470 980 3548 illum,
1004 3470 1060 3555 qui
1084 3470 1205 3535 scrinia
1228 3492 1322 3535 saera
1345 3472 1517 3556 gubernat,

496 3614 499 3624 ·
567 3575 631 3660 qui,
655 3595 729 3638 eum
753 3573 857 3638 civilis
881 3573 1051 3658 dispenset
1073 3575 1174 3659 partis
1198 3573 1355 3654 habenas,

567 3678 706 3743 sustinet
730 3677 845 3742 armati
868 3698 973 3758 curas,
996 3678 1176 3762 interprete
1202 3678 1262 3742 sub
1287 3698 1349 3762 qno
1458 3757 1460 3763 s
1546 3761 1551 3770 .

565 3783 708 3848 flectitur
729 3781 771 3846 ad
794 3789 922 3846 vestras
945 3801 1027 3866 gens
1051 3781 1153 3846 effera
1176 3780 1405 3846 condiciones?

567 3887 643 3972 quid
666 3887 801 3952 laudare
825 3885 960 3950 Petrum
984 3887 1103 3971 parvis,
1129 3885 1303 3951 temeraria
1326 3885 1408 3962 Clio,

567 3991 690 4056 viribus
714 3991 926 4077 aggrederis?
951 3991 1044 4055 euius
1068 3990 1219 4075 digna-tur
1242 3989 1282 4054 ab
1307 4011 1362 4055 ore

496 4133 500 4142 ·
568 4095 746 4160 Caesario
770 4096 849 4161 orbe
873 4095 973 4181 loqui,
997 4095 1074 4160 licet
1097 4101 1129 4159 ct
1152 4102 1327 4180 quaestore
1352 4093 1475 4159 diserto

568 4199 708 4284 pelleat;
732 4207 876 4264 attamen
900 4198 952 4263 hie
976 4221 1090 4286 nuper,
1113 4199 1335 4286 placidissime
1359 4199 1522 4285 prinecps,

569 4301 682 4367 obside
706 4309 861 4389 percepto
885 4311 1015 4368 nostrae
1040 4303 1080 4370 de
1105 4304 1278 4369 moenibus
1301 4304 1392 4368 urbis

568 4406 747 4470 visceribus
771 4407 900 4471 miseris
925 4408 1084 4472 insertum
1108 4408 1233 4493 depulit
1257 4429 1378 4474 ensem.

568 4515 600 4573 et
622 4510 698 4594 quia
720 4509 850 4574 lassatis
874 4511 1007 4574 nimium
1031 4533 1107 4597 spes
1131 4511 1231 4576 unica
1255 4509 1354 4576 rebus

498 4627 534 4663 ³³³
568 4612 698 4688 venisti,
722 4613 853 4691 nostris,
876 4613 1030 4698 petimus,
1055 4635 1207 4679 succurre
1231 4615 1341 4694 ruinis,

567 4715 828 4801 Lugdunumque
852 4722 951 4796 tuam,
976 4717 1052 4781 dum
1076 4719 1249 4802 praeteris,
1273 4719 1384 4804 aspice
1410 4719 1526 4783 vietor:

569 4821 637 4885 otia
659 4828 734 4906 post
758 4821 874 4884 nimios
897 4823 1006 4906 poscit
1030 4827 1061 4886 te
1086 4822 1190 4886 fracta
1213 4822 1356 4888 labores.

569 4925 619 4988 eui
641 4946 758 5009 pacem
781 4924 851 5005 das,
875 4923 975 4989 redde
999 4925 1159 4989 animum:
1184 4927 1308 4990 lassata
1330 4927 1460 4992 iuvenci

204 5039 383 5048 u——m-
389 5033 614 5048 umus—..—

304 5099 355 5152 536
377 5093 582 5166 occursumque
599 5100 625 5151 P
700 5099 785 5151 laxem
803 5099 832 5150 F
907 5106 1009 5166 torpore
1027 5099 1061 5148 Μ
1172 5097 1222 5150 53Ί
1242 5099 1300 5166 isse]
1319 5102 1392 5153 desse
1410 5101 1442 5150 Μ
1555 5100 1607 5153 536
1626 5105 1662 5154 oio
1682 5102 1710 5153 F
1786 5103 1812 5152 hi
1831 5101 1862 5150 Μ

201 5207 237 5238 an
255 5188 320 5240 erit?
379 5188 529 5255 parented!
620 5185 671 5238 539
689 5188 795 5254 scupolo
808 5187 841 5237 Μ
931 5183 981 5238 541
1001 5187 1133 5252 senlthue
1151 5189 1247 5238 fluente
1261 5187 1299 5250 Μ,
1316 5188 1464 5255 scalptoque
1483 5191 1565 5240 calluc
1581 5189 1620 5238 Τι
1712 5187 1764 5238 sno
1779 5189 1859 5253 siquid

199 5284 223 5327 st
241 5273 292 5329 544
310 5282 328 5325 h
353 5275 377 5325 Τ
493 5273 545 5326 546
567 5271 638 5338 mihil
661 5291 723 5326 suas
741 5275 773 5325 Μ
857 5271 951 5340 cernis]
975 5275 1049 5325 terris
1067 5273 1093 5323 P
1211 5271 1262 5326 547
1281 5275 1422 5326 salientem
1441 5276 1463 5327 0
1582 5275 1634 5327 548
1652 5277 1756 5342 pruinas
1771 5277 1860 5340 orrlpc,¹

200 5364 288 5416 ruinas
312 5361 386 5414 codd.
529 5361 580 5413 551
611 5378 760 5427 quosouqus
778 5363 803 5412 P
943 5360 995 5412 553
1019 5361 1134 5412 masister
1152 5360 1178 5411 P
1315 5359 1366 5412 554
1391 5362 1501 5414 contulit
1518 5362 1544 5413 P
1684 5359 1735 5412 555
1760 5363 1822 5428 dign
1837 5361 1865 5411 F

200 5448 253 5500 556
270 5449 337 5516 sylla
351 5448 379 5511 0,
396 5449 454 5500 silla
466 5449 496 5498 M
502 5448 574 5499 TFP
667 5445 718 5499 557
737 5450 815 5500 fulvis
828 5449 853 5499 P
943 5449 1139 5516 obliquantem
1152 5449 1177 5500 P
1263 5447 1315 5500 560
1332 5450 1409 5500 moris
1427 5449 1517 5500 similis
1530 5449 1563 5498 Μ
1648 5446 1699 5498 563
1717 5447 1865 5500 raucumT

200 5537 308 5604 suspicit
326 5535 385 5586 ΜΤ
485 5538 577 5604 hospes
595 5537 627 5587 Μ
764 5534 816 5586 565
837 5537 927 5588 civiles
946 5537 979 5586 Μ
1081 5537 1211 5604 dispensat
1228 5535 1258 5585 1⁴¹
1357 5536 1427 5602 pacis
1450 5534 1474 5584 Τ
1608 5531 1660 5585 566
1682 5535 1820 5600 interpetre
1839 5533 1865 5584 P

201 5621 254 5674 aro
275 5625 376 5675 resno
388 5620 427 5685 n,
444 5624 566 5675 neno
580 5625 618 5676 o·
636 5621 676 5686 (a
693 5641 775 5689 aare.
788 5623 886 5690 resse
903 5625 997 5676 reare
1008 5623 1060 5689 ob)
1147 5618 1197 5673 eu
1217 5603 1332 5673 aesimon
1346 5622 1374 5672 n
1457 5618 1508 5670 ors
1524 5617 1620 5684 errem]
1635 5621 1734 5671 nostem
1746 5621 1861 5672 nmo·

200 5708 250 5762 576
267 5711 446 5775 ludunamque
464 5708 514 5774 1²⁸,
532 5711 722 5778 lucdunamqua
741 5707 781 5760 Pb
885 5709 937 5762 5ῖὸ
954 5712 999 5780 qni
1020 5711 1042 5762 0

304 5829 434 5882 Smomos.
1618 5825 1652 5880 26
