4560 6434
612 399 615 406 '
703 395 906 455 AUCTORUM
924 399 1072 455 SIDONIO
1091 395 1344 456 ANTERIORUM.

325 566 511 633 SIDONII
528 569 877 639 EPISTULARUM

298 671 444 742 religionis
467 689 500 726 ac
523 673 672 743 supercilio
695 675 829 730 scientiae
849 675 998 730 saecularis

298 759 509 828 amputatisque
535 763 758 828 pervetustarum
784 763 903 816 vestium
921 761 998 830 mgis

299 885 344 898 ...
363 848 456 899 tecum
474 847 598 900 membra
616 819 770 901 criniunxit.

195 932 232 985 IX
243 931 322 994 9,14:
341 947 397 985 non
422 933 571 986 caesariem
595 950 709 1002 pascere
731 950 822 1002 neque
840 935 929 1003 pallio
947 935 998 988 aut

297 1016 377 1070 clava
404 1018 484 1071 velut
511 1019 671 1089 sophisticis
699 1019 858 1089 insignibus
881 1020 997 1089 gloriari

297 1106 347 1158 aut
369 1102 500 1158 affectare
522 1105 557 1159 de
579 1107 698 1161 vestium
718 1107 885 1161 discretione
902 1124 997 1176 super-

297 1189 373 1243 biam
391 1206 411 1244 c.
426 1207 450 1258 q.
463 1207 514 1260 seq.
545 1193 709 1259 calvus.

193 1276 231 1329 IX
243 1278 302 1338 als
313 1297 319 1330 :
332 1276 416 1331 dictis
425 1277 486 1332 vita
494 1278 632 1348 factisque
701 1279 842 1334 inclaruit.
859 1280 893 1346 cs.
901 1279 997 1342 ivea.

272 1382 277 1415 :
297 1361 499 1428 (beatissimum
510 1407 516 1420 .
528 1405 534 1419 .
544 1406 551 1419 .
563 1369 580 1432 .)
590 1365 703 1434 quando
713 1365 826 1434 quidem
837 1368 899 1419 tuos
910 1382 997 1419 annos

288 1447 355 1502 'iam
373 1449 473 1503 dextra
490 1452 687 1507 numeraverit.

193 1622 322 1686 lx10,1:
341 1621 464 1678 reddidit
487 1623 539 1676 tibi
563 1624 698 1694 epistulas
721 1641 797 1678 uaeas
821 1641 902 1693 quem
927 1625 996 1678 mihi

297 1711 360 1763 tuas
378 1708 476 1764 offerre
494 1727 546 1780 par
564 1711 663 1765 fuerat.

193 1795 231 1850 IX
243 1795 302 1860 102
316 1816 321 1849 :
342 1795 463 1850 insinuo.
498 1797 530 1863 cf.
544 1798 635 1861 110‚1.

192 1882 300 1946 1x11‚1
315 1901 321 1936 :
342 1880 421 1936 vobis
439 1881 654 1951 imputantibus.
689 1882 819 1950 (ΠΜ.

193 1968 231 2022 IX
241 1969 300 2032 112
313 1988 320 2022 :
338 1968 524 2023 ambifariam.

1790 403 1848 473 381

1086 680 1135 730 est.
1158 678 1191 744 cf.
1205 677 1276 731 Irers.
1293 677 1352 732 adu.
1368 678 1465 732 haeres.
1479 677 1569 732 ssas:
1587 677 1733 734 abscidens
1757 697 1852 735 eorum

1085 763 1244 817 huiusmodi
1262 764 1396 818 scientiae
1415 763 1602 834 supercilium.

1050 937 1132 1004 Apul.
1154 943 1211 991 mot.
1230 936 1318 990 X18:
1336 936 1385 1005 qui
1410 937 1498 1006 pallio
1522 937 1678 1005 baculoque
1703 941 1732 991 et
1757 939 1852 993 bareis

1083 1024 1229 1078 ethircino
1238 1022 1360 1077 barbitio
1371 1023 1568 1093 philosophum
1578 1025 1704 1092 tingeret.
1724 1025 1851 1080 asara.

1082 1110 1113 1162 ia
1130 1109 1255 1164 Hauriat.
1282 1111 1354 1164 402:
1373 1109 1439 1164 hinc
1455 1110 1529 1179 gerit
1546 1111 1709 1164 Herculeam
1729 1111 1792 1164 vilis
1810 1129 1853 1165 sa·

1084 1195 1193 1265 pientia
1211 1196 1326 1250 clavam.

1049 1282 1123 1335 Pan.
1142 1281 1241 1350 Parrep.
1259 1282 1313 1334 82:
1331 1281 1440 1334 artibus
1458 1281 1629 1338 inclaruisse.

1050 1368 1124 1421 *Ian
1138 1367 1224 1422 Χ248
1235 1384 1273 1436 sq.
1287 1388 1293 1421 :
1311 1367 1379 1421 felix
1397 1366 1537 1430 nimirum,
1556 1368 1604 1436 qui
1623 1371 1667 1422 tot
1679 1385 1729 1438 per
1742 1370 1853 1423 saecula

1084 1457 1202 1508 mortem
1220 1453 1333 1507 distulit
1350 1458 1436 1524 atque
1451 1471 1514 1508 suos
1527 1454 1583 1508 iam
1596 1454 1695 1508 dextra
1708 1457 1853 1524 computat

1083 1557 1179 1594 annos.

1051 1626 1149 1696 Syram.
1162 1627 1277 1690 11321:
1297 1625 1394 1681 reddet
1418 1627 1471 1680 tibi
1497 1628 1606 1681 litteras
1623 1644 1707 1692 meas,
1725 1628 1774 1697 qui
1788 1632 1852 1682 tuas

1084 1713 1154 1766 mihi
1173 1713 1271 1768 debuit
1290 1713 1430 1767 exhibere.

1050 1973 1132 2040 Apul.
1151 1973 1221 2039 apol.
1235 1987 1264 2040 p.
1277 1972 1336 2026 276.
1372 1973 1429 2040 (lor.
1444 1989 1473 2040 p.
1486 1973 1557 2027 360:
1576 1972 1761 2028 ambifariam.

192 2055 320 2118 1x11‚3:
339 2054 503 2124 scripseram
526 2054 628 2109 librum
719 2056 833 2125 plenum
919 2052 996 2107 vario
1106 2115 1107 2120 ἵ

296 2159 442 2196 causarum
476 2143 632 2211 temporum
665 2157 902 2211 personarumque
932 2156 997 2194 con·
1048 2143 1050 2146 '

295 2229 386 2299 gestu.
421 2227 456 2294 cf.
475 2228 548 2290 11,1.

270 2333 276 2367 :
296 2313 423 2382 quisquis
442 2313 540 2367 iudicii
559 2316 675 2368 eventus
693 2314 775 2369 foret.
804 2312 837 2378 cs.
856 2313 931 2377 Ias.

269 2420 276 2453 ε
295 2399 354 2453 vidi
375 2400 504 2469 partibus
529 2400 598 2454 meis
616 2417 794 2469 nequaquam
813 2399 929 2469 pietatis

295 2488 423 2540 constare
442 2486 589 2540 rationem.

191 2831 229 2885 IX
240 2831 318 2895 11‚4:
337 2829 412 2899 quod
431 2832 558 2884 auctores
576 2826 606 2880 in
624 2826 755 2896 operibus
773 2826 888 2882 edendis
905 2827 995 2896 pudor

294 2917 389 2986 potius
412 2932 498 2985 quam
522 2913 682 2970 constantia
703 2912 785 2968 decet
803 2912 848 2981 (cs.
863 2913 929 2967 VIII
942 2914 993 2980 1,3)

294 3001 424 3071 qnodque
447 3001 554 3055 tetricis
579 3003 684 3070 puncta
708 2998 868 3054 censoribus
886 2999 994 3053 tardius

293 3089 448 3156 procacitas
475 3086 632 3142 recitatoris
659 3103 744 3155 quam
768 3085 922 3154 trepidatio
948 3102 995 3140 ex·

293 3173 379 3227 cudit.
416 3173 557 3242 alioquin,
583 3173 607 3226 si
627 3172 691 3241 quis
714 3174 757 3226 est
775 3171 837 3236 ille,
863 3171 993 3239 quicum

292 3259 411 3313 fiduciae
430 3259 628 3329 praerogativa
647 3259 690 3326 (cs.
705 3258 781 3326 Ira)
800 3274 821 3312 e.
832 3274 856 3325 q.
869 3273 890 3312 s.

189 3346 228 3401 IX
240 3347 318 3411 lus:
337 3346 510 3400 reverentiae
601 3344 820 3412 meritorumque
843 3343 916 3397 ratio
939 3359 993 3397 ser·

292 3433 359 3486 vata
378 3435 427 3488 est.
463 3433 583 3498 edm·

188 3519 227 3573 IX
239 3520 317 3584 11,6:
336 3519 490 3574 zothecula.
526 3520 557 3586 cf.
571 3517 638 3572 VIII
649 3518 716 3580 16,3.

190 3606 317 3671 lxma:
335 3605 526 3660 foedissimum
554 3619 688 3674 perquam
716 3604 760 3656 est
785 3601 815 3656 in
842 3601 993 3674 dilectione

292 3691 427 3762 superari.

189 3779 228 3833 IX
239 3779 297 3844 11‚9
310 3798 316 3832 :
335 3778 365 3833 in
377 3778 540 3833 audentiam
554 3773 758 3830 sermocinandi
771 3791 854 3843 quem
866 3792 923 3830 non
932 3775 993 3844 ipse

292 3864 465 3933 compellas?

190 3951 227 4004 IX
240 3951 296 4015 121
312 3970 318 4004 :
337 3949 416 4004 venit
443 3950 473 4004 in
501 3952 611 4004 nostras
643 3965 660 4001 a
683 3949 712 4001 te
737 3947 862 4015 profecta
886 3945 993 4015 pagiua

267 4141 273 4176 :
292 4053 479 4190 l‹iiiailcustrahit
501 4119 620 4174 maltam
638 4117 853 4173 similitudinem
872 4117 907 4171 de
926 4117 991 4172 sale.

267 4229 273 4262 :
292 4209 366 4263 salsa
384 4249 432 4264 ...
450 4208 560 4262 mellea.
595 4206 628 4271 cs.
642 4205 696 4259 VII
706 4205 771 4268 132.
791 4205 857 4258 VIII
869 4204 936 4269 ll‚I.

188 4294 227 4348 IX
238 4296 316 4360 122:
335 4311 445 4349 omnem
470 4309 598 4364 operam,
625 4291 649 4345 si
674 4292 759 4361 longa
782 4291 992 4361 intercapedine

292 4380 427 4450 quiescat,
447 4396 531 4448 aegre
549 4377 658 4432 resumi.
694 4378 726 4444 qt
739 4377 777 4431 IV
789 4378 855 4442 11,6.

266 4657 272 4690 :
292 4637 421 4706 quisnam
439 4677 487 4692 ...
511 4637 623 4706 ignoret
707 4635 815 4689 artibus
838 4635 989 4688 maximum

291 4723 374 4777 decus
399 4741 451 4777 usu
475 4723 584 4786 venire,
610 4739 727 4792 cumque
746 4721 840 4776 studia
858 4724 992 4776 consueta

291 4827 347 4864 non
373 4809 601 4879 frequentantur,
626 4808 741 4863 brachia
767 4808 797 4862 in
821 4807 991 4878 corporibus,

290 4895 407 4966 ingenia
429 4895 587 4966 pigrescere
604 4895 635 4949 in
651 4894 780 4949 artibus?
808 4895 882 4948 uude
902 4897 990 4948 estet

290 4982 370 5046 illud,
385 4983 460 5051 quod
472 4999 533 5037 sero
546 4985 690 5051 correptus
703 4985 754 5036 aut
766 4998 827 5036 raro
838 4982 901 5051 plus
911 4997 991 5035 arcus

290 5067 401 5132 manui,
421 5068 488 5139 iugo
506 5069 564 5132 bos,
583 5084 670 5136 equus
689 5068 767 5122 beno
785 5067 911 5121 rebellat.
949 5065 991 5119 in·

290 5169 374 5222 super
391 5152 516 5209 desidiae
535 5156 652 5209 nostrae.
689 5171 711 5208 c.
723 5171 748 5223 q.
760 5170 811 5223 seq.

186 5323 225 5377 lx
237 5324 315 5389 123:
334 5325 457 5390 litteras,
482 5327 505 5380 si
523 5345 596 5397 quae
614 5328 747 5383 iacebunt
764 5343 844 5382 versu
863 5325 991 5380 refertae.

289 5411 322 5476 cf.
336 5412 408 5476 11‚1.
427 5413 466 5468 IX
478 5415 544 5474 162.

186 5495 223 5550 IX
237 5498 314 5560 132:
334 5498 489 5554 Horatiana
511 5499 612 5555 incude
635 5499 767 5553 formatos
787 5497 990 5566 Asclepiadeos.

290 5584 321 5650 cf.
334 5584 372 5638 IV
385 5587 433 5646 1.3.
452 5586 491 5640 IV
501 5589 551 5650 8‚5.
572 5586 623 5639 VH
635 5585 701 5649 l‘I‚1.
721 5585 786 5638 VIII
796 5585 847 5648 42.

1050 2401 1124 2456 Plia.
1142 2403 1244 2466 lusa:
1262 2401 1332 2456 mihi
1355 2404 1385 2455 et
1402 2402 1561 2471 temptandi
1578 2400 1688 2471 aliquid
1713 2403 1742 2456 et
1759 2401 1852 2471 quies·

1083 2487 1164 2542 cendi
1181 2488 1231 2542 illo
1249 2491 1363 2542 auctore
1381 2488 1454 2542 ratio
1470 2488 1619 2543 constabit
1654 2488 1695 2542 111
1706 2489 1802 2551 18‚10:
1820 2487 1851 2542 in

1083 2574 1136 2629 hoc
1152 2590 1255 2644 genere
1266 2574 1402 2628 materiae
1414 2574 1539 2628 nestora
1555 2574 1613 2628 stili
1627 2576 1753 2628 constare
1766 2574 1852 2628 ratio·

1083 2677 1155 2714 nem.
1197 2660 1330 2726 vuar:
1361 2663 1488 2716 constare
1521 2661 1602 2716 nubis
1628 2660 1735 2714 silentii
1763 2660 1850 2715 nostri

1082 2746 1230 2800 rationem.

1049 2831 1123 2885 Plia.
1136 2832 1161 2885 V
1172 2832 1249 2896 lI,3:
1269 2833 1359 2902 magis
1375 2833 1405 2886 iu
1418 2832 1518 2887 studiis
1531 2832 1657 2887 homines
1669 2831 1755 2885 timor
1766 2849 1851 2900 quam

1082 2916 1184 2970 fiducia
1201 2917 1289 2973 decet.
1782 2925 1784 2928 ’

1045 3606 1118 3659 Plia.
1138 3605 1176 3660 IV
1187 3605 1247 3670 1‚5:
1266 3604 1340 3659 vinci
1359 3605 1389 3658 in
1409 3622 1501 3660 amore
1520 3605 1713 3674 turpissimum
1731 3606 1781 3657 est.

1046 3778 1120 3831 Pia.
1135 3777 1202 3831 VIII
1209 3778 1254 3842 4‚4
1267 3797 1273 3831 ε
1292 3777 1392 3832 similis
1404 3777 1539 3832 audentia
1552 3779 1617 3846 (scil.
1631 3777 1848 3843 vocabulorum).

1046 3949 1145 4019 Spain.
1163 3948 1265 4013 123‚l:
1284 3947 1315 4001 in
1333 3964 1431 4002 manus
1452 3966 1525 4004 meas
1543 3950 1649 4020 pagina
1672 3965 1767 4004 recens
1785 3965 1802 4002 a
1820 3950 1850 4002 te

1079 4035 1207 4104 profecta
1224 4035 1363 4104 pervenit.

1046 4121 1144 4190 Spmm.
1155 4121 1194 4175 VI
1203 4122 1262 4184 65‚l
1277 4141 1284 4175 ι
1303 4121 1338 4176 de
1350 4121 1479 4176 sollicitis
1493 4121 1710 4176 amaritudinem
1724 4121 1848 4176 trahant.

1044 4292 1117 4348 Plia.
1136 4293 1174 4346 IV
1184 4294 1242 4358 9,Ιὶ
1258 4312 1264 4347 :
1282 4293 1403 4349 dicentis
1426 4295 1501 4350 calor
1579 4293 1790 4364 intercapedine

1079 4379 1244 4449 languescit.
1296 4381 1334 4434 lx
1354 4382 1412 4445 153
1438 4401 1445 4436 :
1478 4383 1599 4436 retracto
1703 4379 1849 4433 actiuncu-

1078 4466 1120 4520 las
1139 4506 1212 4527 .....
1230 4466 1306 4534 quod
1325 4470 1390 4536 post
1407 4466 1646 4538 intercapedinem
1666 4465 1800 4534 temporis
1819 4465 1848 4517 et

1078 4550 1212 4620 frigidum
1232 4553 1261 4606 et
1278 4553 1409 4607 acerbum
1428 4556 1479 4608 est.

1044 4635 1140 4690 Claud.
1156 4635 1235 4691 XVII
1246 4639 1296 4692 185
1307 4655 1381 4707 sqq:
1400 4657 1452 4696 uec
1469 4657 1514 4695 me
1532 4638 1600 4708 quid
1618 4637 1711 4692 valeat
1730 4638 1849 4690 naturae

1079 4721 1179 4776 fortior
1202 4741 1267 4777 usus
1296 4726 1432 4794 praeterit
1459 4729 1511 4781 aut
1534 4728 1669 4796 quantum
1702 4722 1849 4792 neglectae

1078 4809 1183 4863 defluat
1201 4809 1265 4864 arti.
1301 4810 1405 4865 desidis
1424 4813 1540 4882 aurigae
1558 4829 1615 4866 uon
1633 4808 1715 4864 audit
1731 4808 1848 4862 verbera

1078 4912 1182 4958 currus,
1200 4911 1252 4950 nec
1269 4913 1369 4951 manus
1381 4898 1518 4968 agnoscit,
1536 4914 1621 4967 quem
1639 4913 1695 4950 non
1714 4895 1848 4958 exercuit,

1078 4999 1181 5036 arcum.

1045 5067 1266 5130 Pressuras:
1291 5086 1371 5122 usum
1396 5072 1425 5123 et
1450 5087 1508 5124 esse
1533 5073 1562 5124 et
1586 5069 1683 5124 haberi
1710 5068 1848 5139 optimum

1078 5153 1189 5208 dicendi
1222 5154 1396 5222 magistrum.
1451 5157 1562 5219 lausa
1584 5177 1591 5210 r
1619 5174 1684 5211 usus
1714 5154 1849 5225 magister

1078 5238 1216 5308 egregius.

1044 5497 1112 5552 Hor.
1131 5515 1156 5551 u.
1173 5513 1200 5565 p.
1218 5498 1294 5552 441:
1317 5500 1346 5551 et
1368 5498 1441 5552 male
1464 5503 1590 5554 tornatos
1612 5501 1709 5555 incudi
1733 5499 1848 5554 reddere

1078 5600 1180 5638 versus.
1218 5584 1316 5654 Sprmn.
1336 5584 1419 5648 132:
1440 5589 1581 5640 monetam
1601 5587 1730 5642 latiaris*
1744 5587 1849 5656 eloquii

1079 5670 1212 5724 Tulliana
1231 5670 1331 5725 incude
1350 5671 1463 5728 finxisti.
