<?xml version="1.0" encoding="UTF-8"?>
<!DOCTYPE html PUBLIC "-//W3C//DTD XHTML 1.0 Transitional//EN"
    "http://www.w3.org/TR/xhtml1/DTD/xhtml1-transitional.dtd">
<html xmlns="http://www.w3.org/1999/xhtml" xml:lang="en" lang="en">
 <head>
  <title>
</title>
<meta http-equiv="Content-Type" content="text/html;charset=utf-8" />
  <meta name='ocr-system' content='tesseract 3.04.00' />
  <meta name='ocr-capabilities' content='ocr_page ocr_carea ocr_par ocr_line ocrx_word'/>
</head>
<body>
  <div class='ocr_page' id='page_1' title='image "./monumentagerman03mittgoog/monumentagerman03mittgoog_0188.png"; bbox 0 0 4642 6488; ppageno 0'>
   <div class='ocr_carea' id='block_1_1' title="bbox 856 421 1883 493">
    <p class='ocr_par' dir='ltr' id='par_1_1' title="bbox 856 421 1883 493">
     <span class='ocr_line' id='line_1_1' title="bbox 856 421 1883 493; baseline 0.015 -16"><span class='ocrx_word' id='word_1_1' title='bbox 856 421 964 479; x_wconf 78' lang='lat' dir='ltr'>LIBER</span> <span class='ocrx_word' id='word_1_2' title='bbox 981 423 1028 490; x_wconf 91' lang='lat' dir='ltr'><strong>Vl,</strong></span> <span class='ocrx_word' id='word_1_3' title='bbox 1045 424 1063 479; x_wconf 85' lang='grc'>9</span> <span class='ocrx_word' id='word_1_4' title='bbox 1080 425 1121 493; x_wconf 65' lang='lat'><strong>§1</strong></span> <span class='ocrx_word' id='word_1_5' title='bbox 1139 454 1172 464; x_wconf 95' lang='lat'><em>-</em></span> <span class='ocrx_word' id='word_1_6' title='bbox 1191 423 1288 493; x_wconf 67' lang='lat'><strong>1295.</strong></span> <span class='ocrx_word' id='word_1_7' title='bbox 1827 429 1883 492; x_wconf 78' lang='lat' dir='ltr'><strong>tol</strong></span> 
     </span>
    </p>
   </div>
   <div class='ocr_carea' id='block_1_2' title="bbox 125 596 1941 1205">
    <p class='ocr_par' dir='ltr' id='par_1_2' title="bbox 125 596 1941 998">
     <span class='ocr_line' id='line_1_2' title="bbox 125 596 1889 686; baseline 0.002 -25"><span class='ocrx_word' id='word_1_8' title='bbox 125 635 129 640; x_wconf 91' lang='lat'>-</span> <span class='ocrx_word' id='word_1_9' title='bbox 234 597 402 677; x_wconf 88' lang='lat' dir='ltr'><strong>nuntiare,</strong></span> <span class='ocrx_word' id='word_1_10' title='bbox 431 597 507 661; x_wconf 92' lang='lat' dir='ltr'><strong>dum</strong></span> <span class='ocrx_word' id='word_1_11' title='bbox 531 596 626 673; x_wconf 79' lang='lat' dir='ltr'><strong>vivit3</strong></span> <span class='ocrx_word' id='word_1_12' title='bbox 657 597 689 660; x_wconf 92' lang='lat' dir='ltr'><strong>in</strong></span> <span class='ocrx_word' id='word_1_13' title='bbox 718 618 779 683; x_wconf 89' lang='lat' dir='ltr'><strong>spe</strong></span> <span class='ocrx_word' id='word_1_14' title='bbox 810 597 896 663; x_wconf 91' lang='lat' dir='ltr'><strong>euim</strong></span> <span class='ocrx_word' id='word_1_15' title='bbox 925 597 1031 664; x_wconf 90' lang='lat' dir='ltr'><strong>adbuc</strong></span> <span class='ocrx_word' id='word_1_16' title='bbox 1052 597 1269 664; x_wconf 75' lang='lat' dir='ltr'><strong>absolutionis</strong></span> <span class='ocrx_word' id='word_1_17' title='bbox 1292 603 1344 663; x_wconf 91' lang='lat' dir='ltr'><strong>est</strong></span> <span class='ocrx_word' id='word_1_18' title='bbox 1367 597 1419 663; x_wconf 92' lang='lat' dir='ltr'><strong>cui</strong></span> <span class='ocrx_word' id='word_1_19' title='bbox 1444 596 1589 684; x_wconf 77' lang='lat' dir='ltr'><strong>suppetit</strong></span> <span class='ocrx_word' id='word_1_20' title='bbox 1610 618 1709 686; x_wconf 90' lang='lat' dir='ltr'><strong>posse</strong></span> <span class='ocrx_word' id='word_1_21' title='bbox 1732 597 1889 664; x_wconf 84' lang='lat' dir='ltr'><strong>converti.</strong></span> 
     </span>
     <span class='ocr_line' id='line_1_3' title="bbox 235 700 1941 788; baseline 0 -24"><span class='ocrx_word' id='word_1_22' title='bbox 235 720 319 785; x_wconf 90' lang='lat' dir='ltr'><strong>quae</strong></span> <span class='ocrx_word' id='word_1_23' title='bbox 342 700 384 764; x_wconf 93' lang='lat' dir='ltr'><strong>sit</strong></span> <span class='ocrx_word' id='word_1_24' title='bbox 399 721 477 764; x_wconf 84' lang='lat' dir='ltr'><strong>vero</strong></span> <span class='ocrx_word' id='word_1_25' title='bbox 499 701 623 785; x_wconf 88' lang='lat' dir='ltr'><strong>negotii</strong></span> <span class='ocrx_word' id='word_1_26' title='bbox 639 700 689 765; x_wconf 92' lang='lat' dir='ltr'><strong>sui</strong></span> <span class='ocrx_word' id='word_1_27' title='bbox 713 701 828 781; x_wconf 88' lang='lat' dir='ltr'><strong>series,</strong></span> <span class='ocrx_word' id='word_1_28' title='bbox 851 701 924 787; x_wconf 90' lang='lat' dir='ltr'><strong>ipse</strong></span> <span class='ocrx_word' id='word_1_29' title='bbox 947 703 1067 767; x_wconf 84' lang='lat' dir='ltr'><strong>rectius</strong></span> <span class='ocrx_word' id='word_1_30' title='bbox 1090 707 1330 788; x_wconf 87' lang='lat' dir='ltr'><strong>praesentanee</strong></span> <span class='ocrx_word' id='word_1_31' title='bbox 1353 721 1464 766; x_wconf 90' lang='lat' dir='ltr'><strong>eoram</strong></span> <span class='ocrx_word' id='word_1_32' title='bbox 1493 701 1680 766; x_wconf 81' lang='lat' dir='ltr'><strong>narratione</strong></span> <span class='ocrx_word' id='word_1_33' title='bbox 1702 701 1889 786; x_wconf 73' lang='lat' dir='ltr'><strong>patefaciet.</strong></span> <span class='ocrx_word' id='word_1_34' title='bbox 1920 703 1941 764; x_wconf 73' lang='grc'>2</span> 
     </span>
     <span class='ocr_line' id='line_1_4' title="bbox 236 802 1888 893; baseline 0.001 -26"><span class='ocrx_word' id='word_1_35' title='bbox 236 825 310 867; x_wconf 92' lang='lat' dir='ltr'><strong>nam</strong></span> <span class='ocrx_word' id='word_1_36' title='bbox 333 802 527 890; x_wconf 80' lang='lat' dir='ltr'><strong>prudentiae</strong></span> <span class='ocrx_word' id='word_1_37' title='bbox 553 804 632 868; x_wconf 90' lang='lat' dir='ltr'><strong>setis</strong></span> <span class='ocrx_word' id='word_1_38' title='bbox 655 804 767 869; x_wconf 81' lang='lat' dir='ltr'><strong>obviat</strong></span> <span class='ocrx_word' id='word_1_39' title='bbox 790 805 961 893; x_wconf 82' lang='lat' dir='ltr'><strong>epistulari</strong></span> <span class='ocrx_word' id='word_1_40' title='bbox 985 805 1145 871; x_wconf 76' lang='lat' dir='ltr'><strong>formulae</strong></span> <span class='ocrx_word' id='word_1_41' title='bbox 1167 803 1313 870; x_wconf 90' lang='lat' dir='ltr'><strong>debitam</strong></span> <span class='ocrx_word' id='word_1_42' title='bbox 1343 804 1597 870; x_wconf 77' lang='lat' dir='ltr'><strong>concinnitatem</strong></span> <span class='ocrx_word' id='word_1_43' title='bbox 1627 803 1795 892; x_wconf 83' lang='lat' dir='ltr'><strong>plurifario</strong></span> <span class='ocrx_word' id='word_1_44' title='bbox 1819 827 1888 870; x_wconf 86' lang='lat' dir='ltr'><strong>ser·</strong></span> 
     </span>
     <span class='ocr_line' id='line_1_5' title="bbox 236 907 1887 998; baseline 0.002 -28"><span class='ocrx_word' id='word_1_45' title='bbox 236 927 334 973; x_wconf 91' lang='lat' dir='ltr'><strong>mone</strong></span> <span class='ocrx_word' id='word_1_46' title='bbox 358 908 536 995; x_wconf 81' lang='lat' dir='ltr'><strong>porrigere.</strong></span> <span class='ocrx_word' id='word_1_47' title='bbox 583 929 662 974; x_wconf 89' lang='lat' dir='ltr'><strong>saue</strong></span> <span class='ocrx_word' id='word_1_48' title='bbox 686 908 763 994; x_wconf 88' lang='lat' dir='ltr'><strong>quis</strong></span> <span class='ocrx_word' id='word_1_49' title='bbox 785 907 965 998; x_wconf 83' lang='lat' dir='ltr'><strong>secundum</strong></span> <span class='ocrx_word' id='word_1_50' title='bbox 987 911 1041 975; x_wconf 79' lang='lat' dir='ltr'><strong>sel</strong></span> <span class='ocrx_word' id='word_1_51' title='bbox 1071 909 1206 995; x_wconf 86' lang='lat' dir='ltr'><strong>negotia</strong></span> <span class='ocrx_word' id='word_1_52' title='bbox 1226 910 1280 975; x_wconf 81' lang='lat' dir='ltr'><strong>vel</strong></span> <span class='ocrx_word' id='word_1_53' title='bbox 1304 909 1425 974; x_wconf 90' lang='lat' dir='ltr'><strong>iudicia</strong></span> <span class='ocrx_word' id='word_1_54' title='bbox 1451 914 1583 975; x_wconf 88' lang='lat' dir='ltr'><strong>terrene</strong></span> <span class='ocrx_word' id='word_1_55' title='bbox 1605 911 1714 975; x_wconf 89' lang='lat' dir='ltr'><strong>solent</strong></span> <span class='ocrx_word' id='word_1_56' title='bbox 1735 909 1887 975; x_wconf 88' lang='lat' dir='ltr'><strong>huiusce·</strong></span> 
     </span>
    </p>

    <p class='ocr_par' dir='ltr' id='par_1_3' title="bbox 197 1010 1889 1205">
     <span class='ocr_line' id='line_1_6' title="bbox 197 1010 1889 1100; baseline 0.002 -26"><span class='ocrx_word' id='word_1_57' title='bbox 197 1025 208 1062; x_wconf 75' lang='lat'><strong>³</strong></span> <span class='ocrx_word' id='word_1_58' title='bbox 236 1010 323 1076; x_wconf 91' lang='lat' dir='ltr'><strong>modi</strong></span> <span class='ocrx_word' id='word_1_59' title='bbox 346 1011 495 1076; x_wconf 89' lang='lat' dir='ltr'><strong>homines</strong></span> <span class='ocrx_word' id='word_1_60' title='bbox 519 1011 675 1078; x_wconf 89' lang='lat' dir='ltr'><strong>honestas</strong></span> <span class='ocrx_word' id='word_1_61' title='bbox 697 1012 820 1079; x_wconf 89' lang='lat' dir='ltr'><strong>habere</strong></span> <span class='ocrx_word' id='word_1_62' title='bbox 844 1033 972 1090; x_wconf 89' lang='lat' dir='ltr'><strong>causas,</strong></span> <span class='ocrx_word' id='word_1_63' title='bbox 995 1019 1030 1078; x_wconf 94' lang='lat' dir='ltr'><strong>tu</strong></span> <span class='ocrx_word' id='word_1_64' title='bbox 1049 1033 1178 1099; x_wconf 89' lang='lat' dir='ltr'><strong>quoque</strong></span> <span class='ocrx_word' id='word_1_65' title='bbox 1201 1019 1297 1100; x_wconf 88' lang='lat' dir='ltr'><strong>potes</strong></span> <span class='ocrx_word' id='word_1_66' title='bbox 1320 1011 1416 1078; x_wconf 87' lang='lat' dir='ltr'><strong>huius</strong></span> <span class='ocrx_word' id='word_1_67' title='bbox 1440 1012 1606 1094; x_wconf 75' lang='lat' dir='ltr'><strong>laboriosi,</strong></span> <span class='ocrx_word' id='word_1_68' title='bbox 1630 1012 1693 1079; x_wconf 92' lang='lat' dir='ltr'><strong>etsi</strong></span> <span class='ocrx_word' id='word_1_69' title='bbox 1716 1013 1889 1099; x_wconf 84' lang='lat' dir='ltr'><strong>impugnes</strong></span> 
     </span>
     <span class='ocr_line' id='line_1_7' title="bbox 234 1113 1691 1205; baseline 0.001 -24"><span class='ocrx_word' id='word_1_70' title='bbox 234 1113 414 1203; x_wconf 89' lang='lat' dir='ltr'><strong>perfidiam,</strong></span> <span class='ocrx_word' id='word_1_71' title='bbox 436 1135 644 1204; x_wconf 89' lang='lat' dir='ltr'><strong>propugnare</strong></span> <span class='ocrx_word' id='word_1_72' title='bbox 668 1137 853 1205; x_wconf 91' lang='lat' dir='ltr'><strong>personam.</strong></span> <span class='ocrx_word' id='word_1_73' title='bbox 898 1138 1023 1183; x_wconf 90' lang='lat' dir='ltr'><strong>memor</strong></span> <span class='ocrx_word' id='word_1_74' title='bbox 1044 1118 1149 1183; x_wconf 89' lang='lat' dir='ltr'><strong>nostri</strong></span> <span class='ocrx_word' id='word_1_75' title='bbox 1172 1138 1247 1182; x_wconf 90' lang='lat' dir='ltr'><strong>esso</strong></span> <span class='ocrx_word' id='word_1_76' title='bbox 1269 1115 1417 1202; x_wconf 86' lang='lat' dir='ltr'><strong>dignare,</strong></span> <span class='ocrx_word' id='word_1_77' title='bbox 1441 1116 1572 1183; x_wconf 91' lang='lat' dir='ltr'><strong>domine</strong></span> <span class='ocrx_word' id='word_1_78' title='bbox 1595 1138 1691 1204; x_wconf 88' lang='lat' dir='ltr'><strong>papa.</strong></span> 
     </span>
    </p>
   </div>
   <div class='ocr_carea' id='block_1_3' title="bbox 527 1409 1596 1632">
    <p class='ocr_par' dir='ltr' id='par_1_4' title="bbox 527 1409 1596 1632">
     <span class='ocr_line' id='line_1_8' title="bbox 1022 1409 1101 1476; baseline -0.025 0"><span class='ocrx_word' id='word_1_79' title='bbox 1022 1409 1101 1476; x_wconf 84' lang='lat' dir='ltr'><strong>XII.</strong></span> 
     </span>
     <span class='ocr_line' id='line_1_9' title="bbox 527 1562 1596 1632; baseline -0.001 -4"><span class='ocrx_word' id='word_1_80' title='bbox 527 1562 738 1630; x_wconf 81' lang='lat' dir='ltr'>SIDONIUS</span> <span class='ocrx_word' id='word_1_81' title='bbox 762 1562 940 1632; x_wconf 78' lang='lat' dir='ltr'>DOMINO</span> <span class='ocrx_word' id='word_1_82' title='bbox 964 1562 1112 1630; x_wconf 79' lang='lat' dir='ltr'><strong>PAPAE</strong></span> <span class='ocrx_word' id='word_1_83' title='bbox 1136 1563 1351 1630; x_wconf 81' lang='lat' dir='ltr'><strong>PATIENTI</strong></span> <span class='ocrx_word' id='word_1_84' title='bbox 1375 1563 1596 1631; x_wconf 80' lang='lat' dir='ltr'>SALUTEM.</span> 
     </span>
    </p>
   </div>
   <div class='ocr_carea' id='block_1_4' title="bbox 119 1683 1938 4078">
    <p class='ocr_par' dir='ltr' id='par_1_5' title="bbox 232 1683 1935 1902">
     <span class='ocr_line' id='line_1_10' title="bbox 232 1683 1935 1798; baseline 0.001 -26"><span class='ocrx_word' id='word_1_85' title='bbox 232 1767 233 1772; x_wconf 73' lang='grc'>,</span> <span class='ocrx_word' id='word_1_86' title='bbox 302 1761 308 1766; x_wconf 89' lang='grc'><em>.</em></span> <span class='ocrx_word' id='word_1_87' title='bbox 344 1683 488 1785; x_wconf 79' lang='lat' dir='ltr'><strong>Aureus</strong></span> <span class='ocrx_word' id='word_1_88' title='bbox 512 1711 666 1796; x_wconf 85' lang='lat' dir='ltr'><strong>aliquem,</strong></span> <span class='ocrx_word' id='word_1_89' title='bbox 690 1729 751 1796; x_wconf 90' lang='lat' dir='ltr'><strong>ego</strong></span> <span class='ocrx_word' id='word_1_90' title='bbox 774 1711 866 1776; x_wconf 91' lang='lat' dir='ltr'><strong>illum</strong></span> <span class='ocrx_word' id='word_1_91' title='bbox 889 1710 1063 1798; x_wconf 88' lang='lat' dir='ltr'><strong>praecipue</strong></span> <span class='ocrx_word' id='word_1_92' title='bbox 1087 1717 1166 1798; x_wconf 91' lang='lat' dir='ltr'><strong>puto</strong></span> <span class='ocrx_word' id='word_1_93' title='bbox 1189 1732 1248 1776; x_wconf 92' lang='lat' dir='ltr'><strong>suo</strong></span> <span class='ocrx_word' id='word_1_94' title='bbox 1265 1712 1375 1778; x_wconf 83' lang='lat' dir='ltr'><strong>vivere</strong></span> <span class='ocrx_word' id='word_1_95' title='bbox 1391 1713 1489 1793; x_wconf 88' lang='lat' dir='ltr'><strong>bono,</strong></span> <span class='ocrx_word' id='word_1_96' title='bbox 1511 1711 1566 1798; x_wconf 90' lang='lat' dir='ltr'><strong>qui</strong></span> <span class='ocrx_word' id='word_1_97' title='bbox 1582 1711 1662 1776; x_wconf 81' lang='lat' dir='ltr'><strong>vivit</strong></span> <span class='ocrx_word' id='word_1_98' title='bbox 1684 1710 1793 1776; x_wconf 89' lang='lat' dir='ltr'><strong>alieno</strong></span> <span class='ocrx_word' id='word_1_99' title='bbox 1816 1712 1886 1797; x_wconf 90' lang='lat' dir='ltr'><strong>qui·</strong></span> <span class='ocrx_word' id='word_1_100' title='bbox 1923 1715 1935 1774; x_wconf 93' lang='grc'><strong>1</strong></span> 
     </span>
     <span class='ocr_line' id='line_1_11' title="bbox 237 1813 1886 1902; baseline 0.001 -23"><span class='ocrx_word' id='word_1_101' title='bbox 237 1835 301 1900; x_wconf 92' lang='lat' dir='ltr'><strong>que</strong></span> <span class='ocrx_word' id='word_1_102' title='bbox 335 1814 479 1880; x_wconf 88' lang='lat' dir='ltr'><strong>fidelium</strong></span> <span class='ocrx_word' id='word_1_103' title='bbox 513 1814 715 1882; x_wconf 86' lang='lat' dir='ltr'><strong>calamitates</strong></span> <span class='ocrx_word' id='word_1_104' title='bbox 748 1813 1027 1901; x_wconf 81' lang='lat' dir='ltr'><strong>indigentiamque</strong></span> <span class='ocrx_word' id='word_1_105' title='bbox 1062 1815 1237 1882; x_wconf 91' lang='lat' dir='ltr'><strong>miseratus</strong></span> <span class='ocrx_word' id='word_1_106' title='bbox 1272 1815 1350 1881; x_wconf 85' lang='lat' dir='ltr'><strong>facit</strong></span> <span class='ocrx_word' id='word_1_107' title='bbox 1381 1816 1414 1880; x_wconf 92' lang='lat' dir='ltr'><strong>in</strong></span> <span class='ocrx_word' id='word_1_108' title='bbox 1443 1816 1540 1881; x_wconf 86' lang='lat' dir='ltr'><strong>terris</strong></span> <span class='ocrx_word' id='word_1_109' title='bbox 1573 1836 1675 1902; x_wconf 90' lang='lat' dir='ltr'><strong>opera</strong></span> <span class='ocrx_word' id='word_1_110' title='bbox 1711 1816 1886 1881; x_wconf 88' lang='lat' dir='ltr'><strong>caelorum.</strong></span> 
     </span>
    </p>

    <p class='ocr_par' dir='ltr' id='par_1_6' title="bbox 182 1917 1887 2213">
     <span class='ocr_line' id='line_1_12' title="bbox 182 1917 1886 2007; baseline 0.002 -24"><span class='ocrx_word' id='word_1_111' title='bbox 182 1934 207 1972; x_wconf 83' lang='lat'><strong>¹0</strong></span> <span class='ocrx_word' id='word_1_112' title='bbox 233 1924 399 2005; x_wconf 84' lang='lat' dir='ltr'><strong>‘quorsum</strong></span> <span class='ocrx_word' id='word_1_113' title='bbox 414 1917 548 1984; x_wconf 80' lang='lat' dir='ltr'><strong>istaeel&#39;</strong></span> <span class='ocrx_word' id='word_1_114' title='bbox 572 1917 691 2004; x_wconf 85' lang='lat' dir='ltr'><strong>inquis.</strong></span> <span class='ocrx_word' id='word_1_115' title='bbox 725 1925 758 1984; x_wconf 91' lang='lat' dir='ltr'><strong>te</strong></span> <span class='ocrx_word' id='word_1_116' title='bbox 773 1919 837 1984; x_wconf 90' lang='lat' dir='ltr'><strong>ista</strong></span> <span class='ocrx_word' id='word_1_117' title='bbox 852 1919 1017 1986; x_wconf 89' lang='lat' dir='ltr'><strong>sententia</strong></span> <span class='ocrx_word' id='word_1_118' title='bbox 1032 1940 1129 2005; x_wconf 90' lang='lat' dir='ltr'><strong>quam</strong></span> <span class='ocrx_word' id='word_1_119' title='bbox 1145 1940 1308 2000; x_wconf 83' lang='lat' dir='ltr'><strong>maxume,</strong></span> <span class='ocrx_word' id='word_1_120' title='bbox 1325 1941 1411 2007; x_wconf 88' lang='lat' dir='ltr'><strong>papa</strong></span> <span class='ocrx_word' id='word_1_121' title='bbox 1426 1919 1627 2002; x_wconf 88' lang='lat' dir='ltr'><strong>beatissime,</strong></span> <span class='ocrx_word' id='word_1_122' title='bbox 1643 1919 1736 2006; x_wconf 87' lang='lat' dir='ltr'><strong>petit,</strong></span> <span class='ocrx_word' id='word_1_123' title='bbox 1752 1919 1805 1986; x_wconf 90' lang='lat' dir='ltr'><strong>cui</strong></span> <span class='ocrx_word' id='word_1_124' title='bbox 1820 1941 1886 1986; x_wconf 90' lang='lat' dir='ltr'><strong>uon</strong></span> 
     </span>
     <span class='ocr_line' id='line_1_13' title="bbox 228 2022 1887 2110; baseline 0.001 -22"><span class='ocrx_word' id='word_1_125' title='bbox 228 2022 356 2088; x_wconf 22' lang='lat' dir='ltr'><strong>,sufficit</strong></span> <span class='ocrx_word' id='word_1_126' title='bbox 378 2022 445 2087; x_wconf 93' lang='lat' dir='ltr'><strong>illis</strong></span> <span class='ocrx_word' id='word_1_127' title='bbox 468 2027 593 2087; x_wconf 89' lang='lat' dir='ltr'><strong>tantum</strong></span> <span class='ocrx_word' id='word_1_128' title='bbox 617 2023 872 2088; x_wconf 88' lang='lat' dir='ltr'><strong>necessitatibus</strong></span> <span class='ocrx_word' id='word_1_129' title='bbox 896 2044 992 2110; x_wconf 89' lang='lat' dir='ltr'><strong>opem</strong></span> <span class='ocrx_word' id='word_1_130' title='bbox 1015 2022 1115 2102; x_wconf 86' lang='lat' dir='ltr'><strong>ferre,</strong></span> <span class='ocrx_word' id='word_1_131' title='bbox 1147 2044 1228 2109; x_wconf 91' lang='lat' dir='ltr'><strong>quas</strong></span> <span class='ocrx_word' id='word_1_132' title='bbox 1251 2023 1395 2104; x_wconf 83' lang='lat' dir='ltr'><strong>noveris,</strong></span> <span class='ocrx_word' id='word_1_133' title='bbox 1420 2022 1539 2109; x_wconf 88' lang='lat' dir='ltr'><strong>quique</strong></span> <span class='ocrx_word' id='word_1_134' title='bbox 1563 2022 1723 2109; x_wconf 90' lang='lat' dir='ltr'><strong>usquein</strong></span> <span class='ocrx_word' id='word_1_135' title='bbox 1747 2023 1887 2090; x_wconf 87' lang='lat' dir='ltr'><strong>extimos</strong></span> 
     </span>
     <span class='ocr_line' id='line_1_14' title="bbox 231 2123 1883 2213; baseline -0.001 -21"><span class='ocrx_word' id='word_1_136' title='bbox 231 2125 387 2192; x_wconf 90' lang='lat' dir='ltr'><strong>terminos</strong></span> <span class='ocrx_word' id='word_1_137' title='bbox 414 2123 595 2192; x_wconf 79' lang='lat' dir='ltr'><strong>Galliarum</strong></span> <span class='ocrx_word' id='word_1_138' title='bbox 621 2124 777 2191; x_wconf 88' lang='lat' dir='ltr'><strong>caritatis·</strong></span> <span class='ocrx_word' id='word_1_139' title='bbox 796 2124 915 2210; x_wconf 87' lang='lat' dir='ltr'><strong>indage</strong></span> <span class='ocrx_word' id='word_1_140' title='bbox 941 2131 1095 2212; x_wconf 54' lang='lat' dir='ltr'><strong>porrecta*</strong></span> <span class='ocrx_word' id='word_1_141' title='bbox 1117 2126 1208 2213; x_wconf 90' lang='lat' dir='ltr'><strong>prius</strong></span> <span class='ocrx_word' id='word_1_142' title='bbox 1236 2127 1321 2192; x_wconf 89' lang='lat' dir='ltr'><strong>soles</strong></span> <span class='ocrx_word' id='word_1_143' title='bbox 1349 2125 1553 2211; x_wconf 81' lang='lat' dir='ltr'><strong>indigentum</strong></span> <span class='ocrx_word' id='word_1_144' title='bbox 1576 2125 1743 2213; x_wconf 90' lang='lat' dir='ltr'><strong>respicere</strong></span> <span class='ocrx_word' id='word_1_145' title='bbox 1766 2147 1883 2192; x_wconf 88' lang='lat' dir='ltr'><strong>causas</strong></span> 
     </span>
    </p>

    <p class='ocr_par' dir='ltr' id='par_1_7' title="bbox 151 2228 1938 2316">
     <span class='ocr_line' id='line_1_15' title="bbox 151 2228 1938 2316; baseline 0 -22"><span class='ocrx_word' id='word_1_146' title='bbox 151 2228 155 2234; x_wconf 82' lang='grc'><strong>’</strong></span> <span class='ocrx_word' id='word_1_147' title='bbox 231 2251 329 2316; x_wconf 90' lang='lat' dir='ltr'><strong>quam</strong></span> <span class='ocrx_word' id='word_1_148' title='bbox 343 2229 506 2315; x_wconf 90' lang='lat' dir='ltr'><strong>inspicere</strong></span> <span class='ocrx_word' id='word_1_149' title='bbox 524 2249 692 2316; x_wconf 88' lang='lat' dir='ltr'><strong>personas.</strong></span> <span class='ocrx_word' id='word_1_150' title='bbox 731 2229 851 2294; x_wconf 92' lang='lat' dir='ltr'><strong>nullius</strong></span> <span class='ocrx_word' id='word_1_151' title='bbox 868 2229 964 2295; x_wconf 89' lang='lat' dir='ltr'><strong>obest</strong></span> <span class='ocrx_word' id='word_1_152' title='bbox 978 2229 1129 2296; x_wconf 88' lang='lat' dir='ltr'><strong>tenuitati</strong></span> <span class='ocrx_word' id='word_1_153' title='bbox 1145 2229 1385 2315; x_wconf 90' lang='lat' dir='ltr'><strong>debilitatique,</strong></span> <span class='ocrx_word' id='word_1_154' title='bbox 1406 2229 1433 2294; x_wconf 90' lang='lat' dir='ltr'><strong>si</strong></span> <span class='ocrx_word' id='word_1_155' title='bbox 1449 2236 1482 2296; x_wconf 90' lang='lat' dir='ltr'><strong>te</strong></span> <span class='ocrx_word' id='word_1_156' title='bbox 1504 2235 1662 2316; x_wconf 84' lang='lat' dir='ltr'><strong>expetere</strong></span> <span class='ocrx_word' id='word_1_157' title='bbox 1685 2250 1751 2296; x_wconf 85' lang='lat' dir='ltr'><strong>nou</strong></span> <span class='ocrx_word' id='word_1_158' title='bbox 1772 2230 1886 2316; x_wconf 89' lang='lat' dir='ltr'><strong>possit.</strong></span> <span class='ocrx_word' id='word_1_159' title='bbox 1918 2232 1938 2293; x_wconf 79' lang='lat'><strong>2</strong></span> 
     </span>
    </p>

    <p class='ocr_par' dir='ltr' id='par_1_8' title="bbox 231 2333 1885 2421">
     <span class='ocr_line' id='line_1_16' title="bbox 231 2333 1885 2421; baseline 0.002 -24"><span class='ocrx_word' id='word_1_160' title='bbox 231 2354 307 2398; x_wconf 88' lang='lat' dir='ltr'><strong>narn</strong></span> <span class='ocrx_word' id='word_1_161' title='bbox 337 2333 510 2420; x_wconf 85' lang='lat' dir='ltr'><strong>praevenis</strong></span> <span class='ocrx_word' id='word_1_162' title='bbox 540 2333 691 2399; x_wconf 90' lang='lat' dir='ltr'><strong>manibus</strong></span> <span class='ocrx_word' id='word_1_163' title='bbox 719 2335 825 2413; x_wconf 91' lang='lat' dir='ltr'><strong>illum,</strong></span> <span class='ocrx_word' id='word_1_164' title='bbox 857 2335 912 2420; x_wconf 90' lang='lat' dir='ltr'><strong>qui</strong></span> <span class='ocrx_word' id='word_1_165' title='bbox 941 2355 1006 2400; x_wconf 90' lang='lat' dir='ltr'><strong>nou</strong></span> <span class='ocrx_word' id='word_1_166' title='bbox 1034 2335 1176 2399; x_wconf 85' lang='lat' dir='ltr'><strong>valuerit</strong></span> <span class='ocrx_word' id='word_1_167' title='bbox 1203 2333 1244 2398; x_wconf 88' lang='lat' dir='ltr'><strong>ad</strong></span> <span class='ocrx_word' id='word_1_168' title='bbox 1271 2340 1304 2400; x_wconf 91' lang='lat' dir='ltr'><strong>te</strong></span> <span class='ocrx_word' id='word_1_169' title='bbox 1327 2333 1468 2420; x_wconf 86' lang='lat' dir='ltr'><strong>pedibus</strong></span> <span class='ocrx_word' id='word_1_170' title='bbox 1486 2334 1670 2421; x_wconf 79' lang='lat' dir='ltr'><strong>pervenire.</strong></span> <span class='ocrx_word' id='word_1_171' title='bbox 1713 2334 1832 2399; x_wconf 90' lang='lat' dir='ltr'><strong>transit</strong></span> <span class='ocrx_word' id='word_1_172' title='bbox 1853 2334 1885 2400; x_wconf 93' lang='lat' dir='ltr'><strong>in</strong></span> 
     </span>
    </p>

    <p class='ocr_par' dir='ltr' id='par_1_9' title="bbox 119 2436 1937 2938">
     <span class='ocr_line' id='line_1_17' title="bbox 119 2436 1886 2524; baseline 0.001 -23"><span class='ocrx_word' id='word_1_173' title='bbox 119 2513 123 2519; x_wconf 24' lang='lat'>¹</span> <span class='ocrx_word' id='word_1_174' title='bbox 179 2451 204 2489; x_wconf 67' lang='lat'><strong>¹³</strong></span> <span class='ocrx_word' id='word_1_175' title='bbox 231 2436 358 2502; x_wconf 90' lang='lat' dir='ltr'><strong>alienas</strong></span> <span class='ocrx_word' id='word_1_176' title='bbox 387 2436 572 2522; x_wconf 79' lang='lat' dir='ltr'><strong>prouincias</strong></span> <span class='ocrx_word' id='word_1_177' title='bbox 599 2437 770 2523; x_wconf 84' lang='lat' dir='ltr'><strong>vigilantia</strong></span> <span class='ocrx_word' id='word_1_178' title='bbox 797 2445 854 2502; x_wconf 90' lang='lat' dir='ltr'><strong>tua</strong></span> <span class='ocrx_word' id='word_1_179' title='bbox 885 2444 919 2504; x_wconf 90' lang='lat' dir='ltr'><strong>et</strong></span> <span class='ocrx_word' id='word_1_180' title='bbox 945 2438 979 2503; x_wconf 92' lang='lat' dir='ltr'><strong>in</strong></span> <span class='ocrx_word' id='word_1_181' title='bbox 1008 2437 1069 2504; x_wconf 90' lang='lat' dir='ltr'><strong>hoc</strong></span> <span class='ocrx_word' id='word_1_182' title='bbox 1096 2457 1193 2503; x_wconf 89' lang='lat' dir='ltr'><strong>curae</strong></span> <span class='ocrx_word' id='word_1_183' title='bbox 1222 2445 1298 2504; x_wconf 90' lang='lat' dir='ltr'><strong>tuas</strong></span> <span class='ocrx_word' id='word_1_184' title='bbox 1327 2436 1466 2503; x_wconf 90' lang='lat' dir='ltr'><strong>latitudo</strong></span> <span class='ocrx_word' id='word_1_185' title='bbox 1488 2436 1697 2518; x_wconf 84' lang='lat' dir='ltr'><strong>diffunditur,</strong></span> <span class='ocrx_word' id='word_1_186' title='bbox 1724 2443 1761 2502; x_wconf 88' lang='lat' dir='ltr'><strong>ut</strong></span> <span class='ocrx_word' id='word_1_187' title='bbox 1789 2437 1886 2524; x_wconf 88' lang='lat' dir='ltr'><strong>longe</strong></span> 
     </span>
     <span class='ocr_line' id='line_1_18' title="bbox 231 2539 1884 2628; baseline 0.001 -24"><span class='ocrx_word' id='word_1_188' title='bbox 231 2541 413 2626; x_wconf 88' lang='lat' dir='ltr'><strong>positorum</strong></span> <span class='ocrx_word' id='word_1_189' title='bbox 435 2541 625 2606; x_wconf 90' lang='lat' dir='ltr'><strong>consoletur</strong></span> <span class='ocrx_word' id='word_1_190' title='bbox 647 2541 831 2626; x_wconf 66' lang='lat' dir='ltr'><strong>angustiam</strong></span> <span class='ocrx_word' id='word_1_191' title='bbox 859 2547 893 2607; x_wconf 88' lang='lat' dir='ltr'><strong>et</strong></span> <span class='ocrx_word' id='word_1_192' title='bbox 922 2541 997 2607; x_wconf 91' lang='lat' dir='ltr'><strong>binc</strong></span> <span class='ocrx_word' id='word_1_193' title='bbox 1025 2542 1078 2623; x_wconf 86' lang='lat' dir='ltr'><strong>fit,</strong></span> <span class='ocrx_word' id='word_1_194' title='bbox 1108 2549 1158 2622; x_wconf 92' lang='lat' dir='ltr'><strong>ut,</strong></span> <span class='ocrx_word' id='word_1_195' title='bbox 1185 2543 1261 2628; x_wconf 91' lang='lat' dir='ltr'><strong>quia</strong></span> <span class='ocrx_word' id='word_1_196' title='bbox 1290 2540 1406 2606; x_wconf 91' lang='lat' dir='ltr'><strong>crebro</strong></span> <span class='ocrx_word' id='word_1_197' title='bbox 1433 2547 1467 2607; x_wconf 89' lang='lat' dir='ltr'><strong>te</strong></span> <span class='ocrx_word' id='word_1_198' title='bbox 1494 2562 1560 2606; x_wconf 91' lang='lat' dir='ltr'><strong>non</strong></span> <span class='ocrx_word' id='word_1_199' title='bbox 1583 2540 1690 2606; x_wconf 92' lang='lat' dir='ltr'><strong>minus</strong></span> <span class='ocrx_word' id='word_1_200' title='bbox 1714 2539 1884 2606; x_wconf 87' lang='lat' dir='ltr'><strong>absentum</strong></span> 
     </span>
     <span class='ocr_line' id='line_1_19' title="bbox 230 2642 1885 2731; baseline -0.001 -21"><span class='ocrx_word' id='word_1_201' title='bbox 230 2642 430 2710; x_wconf 85' lang='lat' dir='ltr'><strong>verecundia</strong></span> <span class='ocrx_word' id='word_1_202' title='bbox 445 2665 543 2728; x_wconf 90' lang='lat' dir='ltr'><strong>qnam</strong></span> <span class='ocrx_word' id='word_1_203' title='bbox 565 2649 777 2730; x_wconf 88' lang='lat' dir='ltr'><strong>praesentum</strong></span> <span class='ocrx_word' id='word_1_204' title='bbox 793 2645 998 2730; x_wconf 87' lang='lat' dir='ltr'><strong>querimonia</strong></span> <span class='ocrx_word' id='word_1_205' title='bbox 1020 2652 1140 2725; x_wconf 87' lang='lat' dir='ltr'><strong>movet,</strong></span> <span class='ocrx_word' id='word_1_206' title='bbox 1163 2665 1264 2731; x_wconf 86' lang='lat' dir='ltr'><strong>saepe</strong></span> <span class='ocrx_word' id='word_1_207' title='bbox 1281 2645 1415 2726; x_wconf 81' lang='lat' dir='ltr'><strong>terseris</strong></span> <span class='ocrx_word' id='word_1_208' title='bbox 1432 2665 1545 2710; x_wconf 88' lang='lat' dir='ltr'><strong>eorum</strong></span> <span class='ocrx_word' id='word_1_209' title='bbox 1566 2644 1726 2723; x_wconf 89' lang='lat' dir='ltr'><strong>lacrimas,</strong></span> <span class='ocrx_word' id='word_1_210' title='bbox 1749 2664 1885 2730; x_wconf 90' lang='lat' dir='ltr'><strong>quorum</strong></span> 
     </span>
     <span class='ocr_line' id='line_1_20' title="bbox 231 2746 1937 2834; baseline 0.002 -24"><span class='ocrx_word' id='word_1_211' title='bbox 231 2747 344 2812; x_wconf 90' lang='lat' dir='ltr'><strong>oculos</strong></span> <span class='ocrx_word' id='word_1_212' title='bbox 367 2768 432 2812; x_wconf 90' lang='lat' dir='ltr'><strong>non</strong></span> <span class='ocrx_word' id='word_1_213' title='bbox 454 2747 577 2814; x_wconf 78' lang='lat' dir='ltr'><strong>vidisti.</strong></span> <span class='ocrx_word' id='word_1_214' title='bbox 622 2747 736 2813; x_wconf 88' lang='lat' dir='ltr'><strong>omitto</strong></span> <span class='ocrx_word' id='word_1_215' title='bbox 759 2747 826 2826; x_wconf 89' lang='lat' dir='ltr'><strong>illa,</strong></span> <span class='ocrx_word' id='word_1_216' title='bbox 850 2768 934 2834; x_wconf 91' lang='lat' dir='ltr'><strong>quae</strong></span> <span class='ocrx_word' id='word_1_217' title='bbox 958 2747 1079 2814; x_wconf 91' lang='lat' dir='ltr'><strong>cotidie</strong></span> <span class='ocrx_word' id='word_1_218' title='bbox 1100 2755 1234 2834; x_wconf 88' lang='lat' dir='ltr'><strong>propter</strong></span> <span class='ocrx_word' id='word_1_219' title='bbox 1255 2747 1475 2814; x_wconf 83' lang='lat' dir='ltr'><strong>defectionem</strong></span> <span class='ocrx_word' id='word_1_220' title='bbox 1490 2746 1609 2812; x_wconf 86' lang='lat' dir='ltr'><strong>civium</strong></span> <span class='ocrx_word' id='word_1_221' title='bbox 1631 2753 1885 2833; x_wconf 87' lang='lat' dir='ltr'><strong>pauperatorum</strong></span> <span class='ocrx_word' id='word_1_222' title='bbox 1917 2751 1937 2812; x_wconf 87' lang='grc'>3</span> 
     </span>
     <span class='ocr_line' id='line_1_21' title="bbox 231 2849 1884 2938; baseline 0.001 -24"><span class='ocrx_word' id='word_1_223' title='bbox 231 2849 423 2934; x_wconf 90' lang='lat' dir='ltr'><strong>inrequietis</strong></span> <span class='ocrx_word' id='word_1_224' title='bbox 446 2850 569 2916; x_wconf 86' lang='lat' dir='ltr'><strong>toleras</strong></span> <span class='ocrx_word' id='word_1_225' title='bbox 592 2850 742 2916; x_wconf 81' lang='lat' dir='ltr'><strong>excubiis</strong></span> <span class='ocrx_word' id='word_1_226' title='bbox 765 2849 919 2936; x_wconf 92' lang='lat' dir='ltr'><strong>precibus</strong></span> <span class='ocrx_word' id='word_1_227' title='bbox 942 2851 1111 2938; x_wconf 84' lang='lat' dir='ltr'><strong>expensis.</strong></span> <span class='ocrx_word' id='word_1_228' title='bbox 1157 2851 1272 2916; x_wconf 88' lang='lat' dir='ltr'><strong>omitto</strong></span> <span class='ocrx_word' id='word_1_229' title='bbox 1296 2857 1328 2916; x_wconf 90' lang='lat' dir='ltr'><strong>te</strong></span> <span class='ocrx_word' id='word_1_230' title='bbox 1352 2851 1409 2914; x_wconf 89' lang='lat' dir='ltr'><strong>teli</strong></span> <span class='ocrx_word' id='word_1_231' title='bbox 1432 2871 1564 2936; x_wconf 88' lang='lat' dir='ltr'><strong>semper</strong></span> <span class='ocrx_word' id='word_1_232' title='bbox 1592 2871 1691 2936; x_wconf 90' lang='lat' dir='ltr'><strong>agere</strong></span> <span class='ocrx_word' id='word_1_233' title='bbox 1719 2857 1884 2936; x_wconf 91' lang='lat' dir='ltr'><strong>tempera·</strong></span> 
     </span>
    </p>

    <p class='ocr_par' dir='ltr' id='par_1_10' title="bbox 178 2952 1885 3144">
     <span class='ocr_line' id='line_1_22' title="bbox 178 2952 1885 3039; baseline 0.002 -23"><span class='ocrx_word' id='word_1_234' title='bbox 178 2966 204 3005; x_wconf 69' lang='lat'><strong>2⁰</strong></span> <span class='ocrx_word' id='word_1_235' title='bbox 232 2960 361 3026; x_wconf 86' lang='lat' dir='ltr'><strong>mento.</strong></span> <span class='ocrx_word' id='word_1_236' title='bbox 390 2954 437 3019; x_wconf 91' lang='lat' dir='ltr'><strong>sic</strong></span> <span class='ocrx_word' id='word_1_237' title='bbox 461 2973 592 3038; x_wconf 88' lang='lat' dir='ltr'><strong>semper</strong></span> <span class='ocrx_word' id='word_1_238' title='bbox 615 2952 811 3034; x_wconf 90' lang='lat' dir='ltr'><strong>humanum,</strong></span> <span class='ocrx_word' id='word_1_239' title='bbox 839 2953 887 3018; x_wconf 92' lang='lat' dir='ltr'><strong>sic</strong></span> <span class='ocrx_word' id='word_1_240' title='bbox 909 2952 1106 3020; x_wconf 89' lang='lat' dir='ltr'><strong>abstemium</strong></span> <span class='ocrx_word' id='word_1_241' title='bbox 1130 2953 1284 3035; x_wconf 88' lang='lat' dir='ltr'><strong>iudicari,</strong></span> <span class='ocrx_word' id='word_1_242' title='bbox 1315 2961 1351 3018; x_wconf 93' lang='lat' dir='ltr'><strong>ut</strong></span> <span class='ocrx_word' id='word_1_243' title='bbox 1374 2958 1503 3018; x_wconf 90' lang='lat' dir='ltr'><strong>constet</strong></span> <span class='ocrx_word' id='word_1_244' title='bbox 1525 2952 1750 3019; x_wconf 89' lang='lat' dir='ltr'><strong>indesinenter</strong></span> <span class='ocrx_word' id='word_1_245' title='bbox 1772 2973 1885 3039; x_wconf 87' lang='lat' dir='ltr'><strong>regern</strong></span> 
     </span>
     <span class='ocr_line' id='line_1_23' title="bbox 230 3056 1885 3144; baseline 0.001 -23"><span class='ocrx_word' id='word_1_246' title='bbox 230 3063 440 3143; x_wconf 89' lang='lat' dir='ltr'><strong>praesentem</strong></span> <span class='ocrx_word' id='word_1_247' title='bbox 469 3056 607 3144; x_wconf 88' lang='lat' dir='ltr'><strong>prandia</strong></span> <span class='ocrx_word' id='word_1_248' title='bbox 634 3063 707 3137; x_wconf 91' lang='lat' dir='ltr'><strong>tua,</strong></span> <span class='ocrx_word' id='word_1_249' title='bbox 735 3058 882 3142; x_wconf 89' lang='lat' dir='ltr'><strong>reginam</strong></span> <span class='ocrx_word' id='word_1_250' title='bbox 912 3058 1045 3124; x_wconf 87' lang='lat' dir='ltr'><strong>laudare</strong></span> <span class='ocrx_word' id='word_1_251' title='bbox 1076 3057 1208 3124; x_wconf 89' lang='lat' dir='ltr'><strong>ieiunia.</strong></span> <span class='ocrx_word' id='word_1_252' title='bbox 1261 3057 1374 3122; x_wconf 90' lang='lat' dir='ltr'><strong>omitto</strong></span> <span class='ocrx_word' id='word_1_253' title='bbox 1404 3062 1495 3121; x_wconf 86' lang='lat' dir='ltr'><strong>tanto</strong></span> <span class='ocrx_word' id='word_1_254' title='bbox 1524 3063 1557 3122; x_wconf 90' lang='lat' dir='ltr'><strong>te</strong></span> <span class='ocrx_word' id='word_1_255' title='bbox 1589 3058 1677 3123; x_wconf 90' lang='lat' dir='ltr'><strong>cultu</strong></span> <span class='ocrx_word' id='word_1_256' title='bbox 1710 3057 1885 3123; x_wconf 89' lang='lat' dir='ltr'><strong>ecclesiam</strong></span> 
     </span>
    </p>

    <p class='ocr_par' dir='ltr' id='par_1_11' title="bbox 175 3159 1935 3456">
     <span class='ocr_line' id='line_1_24' title="bbox 175 3159 1885 3249; baseline 0.001 -24"><span class='ocrx_word' id='word_1_257' title='bbox 175 3189 177 3194; x_wconf 95' lang='lat'>·</span> <span class='ocrx_word' id='word_1_258' title='bbox 224 3159 289 3242; x_wconf 75' lang='lat' dir='ltr'><strong>tibi</strong></span> <span class='ocrx_word' id='word_1_259' title='bbox 311 3159 468 3226; x_wconf 86' lang='lat' dir='ltr'><strong>creditam</strong></span> <span class='ocrx_word' id='word_1_260' title='bbox 492 3166 741 3242; x_wconf 89' lang='lat' dir='ltr'><strong>convenustare,</strong></span> <span class='ocrx_word' id='word_1_261' title='bbox 766 3167 801 3226; x_wconf 91' lang='lat' dir='ltr'><strong>ut</strong></span> <span class='ocrx_word' id='word_1_262' title='bbox 823 3159 950 3228; x_wconf 89' lang='lat' dir='ltr'><strong>dubitet</strong></span> <span class='ocrx_word' id='word_1_263' title='bbox 971 3163 1155 3249; x_wconf 90' lang='lat' dir='ltr'><strong>inspector,</strong></span> <span class='ocrx_word' id='word_1_264' title='bbox 1186 3161 1347 3228; x_wconf 88' lang='lat' dir='ltr'><strong>meliusne</strong></span> <span class='ocrx_word' id='word_1_265' title='bbox 1371 3182 1456 3226; x_wconf 80' lang='lat' dir='ltr'><strong>nova</strong></span> <span class='ocrx_word' id='word_1_266' title='bbox 1483 3181 1586 3246; x_wconf 90' lang='lat' dir='ltr'><strong>opera</strong></span> <span class='ocrx_word' id='word_1_267' title='bbox 1615 3167 1815 3246; x_wconf 88' lang='lat' dir='ltr'><strong>consurgant</strong></span> <span class='ocrx_word' id='word_1_268' title='bbox 1843 3183 1885 3226; x_wconf 90' lang='lat' dir='ltr'><strong>an</strong></span> 
     </span>
     <span class='ocr_line' id='line_1_25' title="bbox 218 3249 1935 3352; baseline 0.001 -24"><span class='ocrx_word' id='word_1_269' title='bbox 218 3249 362 3340; x_wconf 57' lang='lat' dir='ltr'><strong>&#39;vetusta</strong></span> <span class='ocrx_word' id='word_1_270' title='bbox 384 3270 588 3352; x_wconf 87' lang='lat' dir='ltr'><strong>reparentur.</strong></span> <span class='ocrx_word' id='word_1_271' title='bbox 632 3264 747 3330; x_wconf 91' lang='lat' dir='ltr'><strong>omitto</strong></span> <span class='ocrx_word' id='word_1_272' title='bbox 769 3285 830 3351; x_wconf 91' lang='lat' dir='ltr'><strong>per</strong></span> <span class='ocrx_word' id='word_1_273' title='bbox 851 3271 885 3332; x_wconf 91' lang='lat' dir='ltr'><strong>te</strong></span> <span class='ocrx_word' id='word_1_274' title='bbox 907 3265 1057 3352; x_wconf 89' lang='lat' dir='ltr'><strong>plurimis</strong></span> <span class='ocrx_word' id='word_1_275' title='bbox 1087 3266 1168 3331; x_wconf 90' lang='lat' dir='ltr'><strong>locis</strong></span> <span class='ocrx_word' id='word_1_276' title='bbox 1197 3265 1407 3331; x_wconf 88' lang='lat' dir='ltr'><strong>basilicarum</strong></span> <span class='ocrx_word' id='word_1_277' title='bbox 1434 3263 1647 3330; x_wconf 76' lang='lat' dir='ltr'><strong>fundamenta</strong></span> <span class='ocrx_word' id='word_1_278' title='bbox 1673 3285 1884 3350; x_wconf 87' lang='lat' dir='ltr'><strong>consurgere,</strong></span> <span class='ocrx_word' id='word_1_279' title='bbox 1916 3270 1935 3329; x_wconf 81' lang='lat'>4</span> 
     </span>
     <span class='ocr_line' id='line_1_26' title="bbox 230 3366 1884 3456; baseline 0.002 -25"><span class='ocrx_word' id='word_1_280' title='bbox 230 3373 422 3434; x_wconf 84' lang='lat' dir='ltr'><strong>ornamenta</strong></span> <span class='ocrx_word' id='word_1_281' title='bbox 444 3366 621 3454; x_wconf 89' lang='lat' dir='ltr'><strong>duplicari;</strong></span> <span class='ocrx_word' id='word_1_282' title='bbox 646 3389 784 3454; x_wconf 89' lang='lat' dir='ltr'><strong>cumque</strong></span> <span class='ocrx_word' id='word_1_283' title='bbox 807 3370 912 3435; x_wconf 90' lang='lat' dir='ltr'><strong>multa</strong></span> <span class='ocrx_word' id='word_1_284' title='bbox 934 3370 967 3436; x_wconf 92' lang='lat' dir='ltr'><strong>in</strong></span> <span class='ocrx_word' id='word_1_285' title='bbox 991 3376 1079 3436; x_wconf 89' lang='lat' dir='ltr'><strong>statu</strong></span> <span class='ocrx_word' id='word_1_286' title='bbox 1102 3369 1178 3436; x_wconf 89' lang='lat' dir='ltr'><strong>fidei</strong></span> <span class='ocrx_word' id='word_1_287' title='bbox 1194 3369 1259 3434; x_wconf 90' lang='lat' dir='ltr'><strong>tuis</strong></span> <span class='ocrx_word' id='word_1_288' title='bbox 1275 3368 1545 3456; x_wconf 90' lang='lat' dir='ltr'><strong>dispositionibus</strong></span> <span class='ocrx_word' id='word_1_289' title='bbox 1561 3375 1755 3455; x_wconf 84' lang='lat' dir='ltr'><strong>augeantur,</strong></span> <span class='ocrx_word' id='word_1_290' title='bbox 1778 3369 1884 3435; x_wconf 90' lang='lat' dir='ltr'><strong>solum</strong></span> 
     </span>
    </p>

    <p class='ocr_par' dir='ltr' id='par_1_12' title="bbox 178 3469 1934 3973">
     <span class='ocr_line' id='line_1_27' title="bbox 178 3469 1885 3560; baseline 0.001 -26"><span class='ocrx_word' id='word_1_291' title='bbox 178 3484 203 3524; x_wconf 73' lang='lat'><strong>2⁵</strong></span> <span class='ocrx_word' id='word_1_292' title='bbox 231 3469 473 3536; x_wconf 89' lang='lat' dir='ltr'><strong>haereticorum</strong></span> <span class='ocrx_word' id='word_1_293' title='bbox 502 3492 673 3538; x_wconf 89' lang='lat' dir='ltr'><strong>numerum</strong></span> <span class='ocrx_word' id='word_1_294' title='bbox 699 3473 820 3553; x_wconf 90' lang='lat' dir='ltr'><strong>minui,</strong></span> <span class='ocrx_word' id='word_1_295' title='bbox 857 3479 954 3560; x_wconf 89' lang='lat' dir='ltr'><strong>teque</strong></span> <span class='ocrx_word' id='word_1_296' title='bbox 990 3473 1130 3560; x_wconf 91' lang='lat' dir='ltr'><strong>quodam</strong></span> <span class='ocrx_word' id='word_1_297' title='bbox 1159 3480 1280 3540; x_wconf 86' lang='lat' dir='ltr'><strong>venatu</strong></span> <span class='ocrx_word' id='word_1_298' title='bbox 1307 3473 1487 3559; x_wconf 90' lang='lat' dir='ltr'><strong>apostolico</strong></span> <span class='ocrx_word' id='word_1_299' title='bbox 1519 3472 1606 3538; x_wconf 85' lang='lat' dir='ltr'><strong>ieras</strong></span> <span class='ocrx_word' id='word_1_300' title='bbox 1638 3471 1885 3538; x_wconf 82' lang='lat' dir='ltr'><strong>Fotinianorum</strong></span> 
     </span>
     <span class='ocr_line' id='line_1_28' title="bbox 229 3574 1884 3664; baseline 0 -26"><span class='ocrx_word' id='word_1_301' title='bbox 229 3579 356 3639; x_wconf 91' lang='lat' dir='ltr'><strong>mentes</strong></span> <span class='ocrx_word' id='word_1_302' title='bbox 392 3574 610 3660; x_wconf 91' lang='lat' dir='ltr'><strong>spiritualium</strong></span> <span class='ocrx_word' id='word_1_303' title='bbox 645 3575 924 3662; x_wconf 87' lang='lat' dir='ltr'><strong>praedicationum</strong></span> <span class='ocrx_word' id='word_1_304' title='bbox 960 3577 1110 3643; x_wconf 89' lang='lat' dir='ltr'><strong>cassibus</strong></span> <span class='ocrx_word' id='word_1_305' title='bbox 1142 3577 1326 3664; x_wconf 85' lang='lat' dir='ltr'><strong>implicare,</strong></span> <span class='ocrx_word' id='word_1_306' title='bbox 1365 3582 1462 3662; x_wconf 88' lang='lat' dir='ltr'><strong>atque</strong></span> <span class='ocrx_word' id='word_1_307' title='bbox 1491 3598 1511 3642; x_wconf 89' lang='lat' dir='ltr'><strong>a</strong></span> <span class='ocrx_word' id='word_1_308' title='bbox 1540 3583 1597 3641; x_wconf 92' lang='lat' dir='ltr'><strong>tuo</strong></span> <span class='ocrx_word' id='word_1_309' title='bbox 1627 3574 1783 3641; x_wconf 87' lang='lat' dir='ltr'><strong>barbaros</strong></span> <span class='ocrx_word' id='word_1_310' title='bbox 1819 3575 1884 3638; x_wconf 91' lang='lat' dir='ltr'><strong>iam</strong></span> 
     </span>
     <span class='ocr_line' id='line_1_29' title="bbox 229 3676 1883 3766; baseline 0.001 -25"><span class='ocrx_word' id='word_1_311' title='bbox 229 3697 402 3763; x_wconf 90' lang='lat' dir='ltr'><strong>sequaces,</strong></span> <span class='ocrx_word' id='word_1_312' title='bbox 424 3677 575 3763; x_wconf 89' lang='lat' dir='ltr'><strong>quotiens</strong></span> <span class='ocrx_word' id='word_1_313' title='bbox 597 3679 834 3746; x_wconf 89' lang='lat' dir='ltr'><strong>convineuntur</strong></span> <span class='ocrx_word' id='word_1_314' title='bbox 856 3681 968 3760; x_wconf 85' lang='lat' dir='ltr'><strong>verbo,</strong></span> <span class='ocrx_word' id='word_1_315' title='bbox 992 3702 1058 3746; x_wconf 91' lang='lat' dir='ltr'><strong>non</strong></span> <span class='ocrx_word' id='word_1_316' title='bbox 1081 3681 1173 3747; x_wconf 84' lang='lat' dir='ltr'><strong>exire</strong></span> <span class='ocrx_word' id='word_1_317' title='bbox 1194 3679 1345 3766; x_wconf 85' lang='lat' dir='ltr'><strong>vestigio,</strong></span> <span class='ocrx_word' id='word_1_318' title='bbox 1369 3679 1474 3746; x_wconf 89' lang='lat' dir='ltr'><strong>donec</strong></span> <span class='ocrx_word' id='word_1_319' title='bbox 1497 3701 1554 3746; x_wconf 90' lang='lat' dir='ltr'><strong>eos</strong></span> <span class='ocrx_word' id='word_1_320' title='bbox 1578 3703 1598 3746; x_wconf 87' lang='lat' dir='ltr'><strong>a</strong></span> <span class='ocrx_word' id='word_1_321' title='bbox 1619 3676 1782 3766; x_wconf 77' lang='lat' dir='ltr'><strong>profundo</strong></span> <span class='ocrx_word' id='word_1_322' title='bbox 1806 3700 1883 3764; x_wconf 89' lang='lat' dir='ltr'><strong>gur-</strong></span> 
     </span>
     <span class='ocr_line' id='line_1_30' title="bbox 231 3781 1934 3870; baseline -0.001 -25"><span class='ocrx_word' id='word_1_323' title='bbox 231 3781 299 3865; x_wconf 88' lang='lat' dir='ltr'><strong>gite</strong></span> <span class='ocrx_word' id='word_1_324' title='bbox 323 3781 442 3846; x_wconf 86' lang='lat' dir='ltr'><strong>erroris</strong></span> <span class='ocrx_word' id='word_1_325' title='bbox 473 3781 684 3847; x_wconf 77' lang='lat' dir='ltr'><strong>felicissimus</strong></span> <span class='ocrx_word' id='word_1_326' title='bbox 713 3783 894 3848; x_wconf 86' lang='lat' dir='ltr'><strong>animarum</strong></span> <span class='ocrx_word' id='word_1_327' title='bbox 921 3784 1066 3870; x_wconf 89' lang='lat' dir='ltr'><strong>piscator</strong></span> <span class='ocrx_word' id='word_1_328' title='bbox 1093 3784 1290 3850; x_wconf 86' lang='lat' dir='ltr'><strong>extraxeris.</strong></span> <span class='ocrx_word' id='word_1_329' title='bbox 1341 3791 1376 3850; x_wconf 89' lang='lat' dir='ltr'><strong>et</strong></span> <span class='ocrx_word' id='word_1_330' title='bbox 1405 3783 1520 3849; x_wconf 88' lang='lat' dir='ltr'><strong>horum</strong></span> <span class='ocrx_word' id='word_1_331' title='bbox 1544 3784 1654 3868; x_wconf 89' lang='lat' dir='ltr'><strong>aliqua</strong></span> <span class='ocrx_word' id='word_1_332' title='bbox 1675 3788 1785 3846; x_wconf 90' lang='lat' dir='ltr'><strong>tamen</strong></span> <span class='ocrx_word' id='word_1_333' title='bbox 1809 3801 1882 3845; x_wconf 92' lang='lat' dir='ltr'><strong>cum</strong></span> <span class='ocrx_word' id='word_1_334' title='bbox 1915 3786 1934 3844; x_wconf 92' lang='lat'><strong>5</strong></span> 
     </span>
     <span class='ocr_line' id='line_1_31' title="bbox 230 3883 1884 3973; baseline 0.004 -26"><span class='ocrx_word' id='word_1_335' title='bbox 230 3883 364 3969; x_wconf 87' lang='lat' dir='ltr'><strong>reliquis</strong></span> <span class='ocrx_word' id='word_1_336' title='bbox 388 3883 524 3949; x_wconf 88' lang='lat' dir='ltr'><strong>forsitan</strong></span> <span class='ocrx_word' id='word_1_337' title='bbox 546 3885 816 3952; x_wconf 90' lang='lat' dir='ltr'><strong>communicanda</strong></span> <span class='ocrx_word' id='word_1_338' title='bbox 831 3887 983 3972; x_wconf 90' lang='lat' dir='ltr'><strong>collegis;</strong></span> <span class='ocrx_word' id='word_1_339' title='bbox 1007 3887 1213 3953; x_wconf 86' lang='lat' dir='ltr'><strong>illudentem</strong></span> <span class='ocrx_word' id='word_1_340' title='bbox 1230 3887 1342 3953; x_wconf 88' lang='lat' dir='ltr'><strong>deberi</strong></span> <span class='ocrx_word' id='word_1_341' title='bbox 1357 3886 1419 3953; x_wconf 92' lang='lat' dir='ltr'><strong>tibi</strong></span> <span class='ocrx_word' id='word_1_342' title='bbox 1434 3886 1585 3973; x_wconf 91' lang='lat' dir='ltr'><strong>quodam,</strong></span> <span class='ocrx_word' id='word_1_343' title='bbox 1608 3892 1645 3952; x_wconf 92' lang='lat' dir='ltr'><strong>ut</strong></span> <span class='ocrx_word' id='word_1_344' title='bbox 1660 3885 1884 3954; x_wconf 91' lang='lat' dir='ltr'><strong>iurisconsulti</strong></span> 
     </span>
    </p>

    <p class='ocr_par' dir='ltr' id='par_1_13' title="bbox 177 3985 1883 4078">
     <span class='ocr_line' id='line_1_32' title="bbox 177 3985 1883 4078; baseline -0.001 -26"><span class='ocrx_word' id='word_1_345' title='bbox 177 4003 203 4042; x_wconf 83' lang='lat'><strong>³⁰</strong></span> <span class='ocrx_word' id='word_1_346' title='bbox 231 3987 356 4068; x_wconf 90' lang='lat' dir='ltr'><strong>dicunt,</strong></span> <span class='ocrx_word' id='word_1_347' title='bbox 385 3990 553 4076; x_wconf 90' lang='lat' dir='ltr'><strong>praecipui</strong></span> <span class='ocrx_word' id='word_1_348' title='bbox 581 3991 677 4057; x_wconf 90' lang='lat' dir='ltr'><strong>titulo</strong></span> <span class='ocrx_word' id='word_1_349' title='bbox 700 4012 761 4057; x_wconf 90' lang='lat' dir='ltr'><strong>nec</strong></span> <span class='ocrx_word' id='word_1_350' title='bbox 788 3997 864 4056; x_wconf 91' lang='lat' dir='ltr'><strong>tuus</strong></span> <span class='ocrx_word' id='word_1_351' title='bbox 895 3992 1016 4078; x_wconf 91' lang='lat' dir='ltr'><strong>poterit</strong></span> <span class='ocrx_word' id='word_1_352' title='bbox 1046 3993 1093 4058; x_wconf 90' lang='lat' dir='ltr'><strong>ire</strong></span> <span class='ocrx_word' id='word_1_353' title='bbox 1123 3990 1229 4078; x_wconf 93' lang='lat' dir='ltr'><strong>pudor</strong></span> <span class='ocrx_word' id='word_1_354' title='bbox 1249 3992 1387 4072; x_wconf 86' lang='lat' dir='ltr'><strong>infitias,</strong></span> <span class='ocrx_word' id='word_1_355' title='bbox 1415 3989 1503 4077; x_wconf 90' lang='lat' dir='ltr'><strong>quod</strong></span> <span class='ocrx_word' id='word_1_356' title='bbox 1530 3997 1604 4077; x_wconf 90' lang='lat' dir='ltr'><strong>post</strong></span> <span class='ocrx_word' id='word_1_357' title='bbox 1627 3988 1802 4056; x_wconf 81' lang='lat' dir='ltr'><strong>Gothicam</strong></span> <span class='ocrx_word' id='word_1_358' title='bbox 1825 3985 1883 4052; x_wconf 90' lang='lat' dir='ltr'><strong>de-</strong></span> 
     </span>
    </p>
   </div>
   <div class='ocr_carea' id='block_1_5' title="bbox 502 4159 641 4167">
    <p class='ocr_par' dir='ltr' id='par_1_14' title="bbox 502 4159 641 4167">
     <span class='ocr_line' id='line_1_33' title="bbox 502 4159 641 4167; baseline 0.014 -2"><span class='ocrx_word' id='word_1_359' title='bbox 502 4159 641 4167; x_wconf 63' lang='lat' dir='ltr'><em>..u—.—</em></span> 
     </span>
    </p>
   </div>
   <div class='ocr_carea' id='block_1_6' title="bbox 221 4261 1887 5784">
    <p class='ocr_par' dir='ltr' id='par_1_15' title="bbox 221 4261 1887 5784">
     <span class='ocr_line' id='line_1_34' title="bbox 333 4261 1884 4338; baseline -0.001 -20"><span class='ocrx_word' id='word_1_360' title='bbox 333 4265 450 4320; x_wconf 84' lang='lat' dir='ltr'><strong>ladhue</strong></span> <span class='ocrx_word' id='word_1_361' title='bbox 467 4269 535 4320; x_wconf 89' lang='lat' dir='ltr'><strong>enim</strong></span> <span class='ocrx_word' id='word_1_362' title='bbox 554 4269 584 4320; x_wconf 99' lang='lat' dir='ltr'><em>F</em></span> <span class='ocrx_word' id='word_1_363' title='bbox 648 4271 769 4338; x_wconf 83' lang='lat' dir='ltr'><strong>competit</strong></span> <span class='ocrx_word' id='word_1_364' title='bbox 786 4269 815 4322; x_wconf 88' lang='lat' dir='ltr'><em>F</em></span> <span class='ocrx_word' id='word_1_365' title='bbox 914 4266 1094 4337; x_wconf 76' lang='lat' dir='ltr'><strong>2negociiG</strong></span> <span class='ocrx_word' id='word_1_366' title='bbox 1159 4271 1291 4338; x_wconf 79' lang='lat' dir='ltr'><strong>patstatiet</strong></span> <span class='ocrx_word' id='word_1_367' title='bbox 1308 4269 1337 4322; x_wconf 91' lang='lat' dir='ltr'><em>F</em></span> <span class='ocrx_word' id='word_1_368' title='bbox 1436 4267 1573 4322; x_wconf 86' lang='lat' dir='ltr'><strong>4terrsua</strong></span> <span class='ocrx_word' id='word_1_369' title='bbox 1589 4267 1683 4320; x_wconf 87' lang='lat' dir='ltr'><strong>iudicia</strong></span> <span class='ocrx_word' id='word_1_370' title='bbox 1701 4266 1731 4318; x_wconf 89' lang='lat' dir='ltr'><em>F</em></span> <span class='ocrx_word' id='word_1_371' title='bbox 1795 4261 1884 4316; x_wconf 82' lang='lat' dir='ltr'><strong>huius-</strong></span> 
     </span>
     <span class='ocr_line' id='line_1_35' title="bbox 221 4363 1884 4459; baseline 0 -21"><span class='ocrx_word' id='word_1_372' title='bbox 221 4363 296 4440; x_wconf 82' lang='lat' dir='ltr'><strong>modi</strong></span> <span class='ocrx_word' id='word_1_373' title='bbox 319 4387 344 4438; x_wconf 84' lang='grc' dir='ltr'><em>Τ</em></span> <span class='ocrx_word' id='word_1_374' title='bbox 442 4387 635 4443; x_wconf 70' lang='lat' dir='ltr'><strong>chaussons.</strong></span> <span class='ocrx_word' id='word_1_375' title='bbox 654 4392 671 4443; x_wconf 85' lang='lat' dir='ltr'><strong>l.</strong></span> <span class='ocrx_word' id='word_1_376' title='bbox 690 4391 754 4443; x_wconf 77' lang='lat' dir='ltr'><strong>edd.</strong></span> <span class='ocrx_word' id='word_1_377' title='bbox 772 4391 818 4441; x_wconf 82' lang='lat' dir='ltr'><strong>M¹</strong></span> <span class='ocrx_word' id='word_1_378' title='bbox 928 4389 1060 4444; x_wconf 81' lang='lat' dir='ltr'><strong>timemor</strong></span> <span class='ocrx_word' id='word_1_379' title='bbox 1077 4392 1157 4444; x_wconf 86' lang='lat' dir='ltr'><strong>nostri</strong></span> <span class='ocrx_word' id='word_1_380' title='bbox 1175 4407 1231 4444; x_wconf 85' lang='lat' dir='ltr'><strong>esso</strong></span> <span class='ocrx_word' id='word_1_381' title='bbox 1248 4391 1353 4459; x_wconf 87' lang='lat' dir='ltr'><strong>dignare</strong></span> <span class='ocrx_word' id='word_1_382' title='bbox 1371 4392 1473 4443; x_wconf 89' lang='lat' dir='ltr'><strong>domine</strong></span> <span class='ocrx_word' id='word_1_383' title='bbox 1490 4407 1555 4457; x_wconf 83' lang='lat' dir='ltr'><strong>psps</strong></span> <span class='ocrx_word' id='word_1_384' title='bbox 1573 4405 1622 4440; x_wconf 86' lang='lat' dir='ltr'><strong>om.</strong></span> <span class='ocrx_word' id='word_1_385' title='bbox 1641 4388 1666 4440; x_wconf 81' lang='lat' dir='ltr'><em>L</em></span> <span class='ocrx_word' id='word_1_386' title='bbox 1734 4387 1884 4440; x_wconf 81' lang='lat' dir='ltr'><strong>memoraie</strong></span> 
     </span>
     <span class='ocr_line' id='line_1_36' title="bbox 229 4473 1882 4581; baseline -0.001 -22"><span class='ocrx_word' id='word_1_387' title='bbox 229 4509 310 4560; x_wconf 86' lang='lat' dir='ltr'><strong>nostri</strong></span> <span class='ocrx_word' id='word_1_388' title='bbox 328 4511 415 4562; x_wconf 80' lang='lat' dir='ltr'><strong>ceteris</strong></span> <span class='ocrx_word' id='word_1_389' title='bbox 432 4527 481 4562; x_wconf 78' lang='lat' dir='ltr'><strong>orn.</strong></span> <span class='ocrx_word' id='word_1_390' title='bbox 505 4511 530 4562; x_wconf 85' lang='grc' dir='ltr'><em>Τ</em></span> <span class='ocrx_word' id='word_1_391' title='bbox 586 4473 666 4564; x_wconf 89' lang='lat' dir='ltr'><strong>nostri</strong></span> <span class='ocrx_word' id='word_1_392' title='bbox 684 4529 741 4564; x_wconf 89' lang='lat' dir='ltr'><strong>esse</strong></span> <span class='ocrx_word' id='word_1_393' title='bbox 758 4513 864 4579; x_wconf 75' lang='lat' dir='ltr'><strong>dignare</strong></span> <span class='ocrx_word' id='word_1_394' title='bbox 883 4514 985 4566; x_wconf 88' lang='lat' dir='ltr'><strong>domino</strong></span> <span class='ocrx_word' id='word_1_395' title='bbox 1003 4529 1070 4581; x_wconf 86' lang='lat' dir='ltr'><strong>papa</strong></span> <span class='ocrx_word' id='word_1_396' title='bbox 1087 4530 1135 4564; x_wconf 87' lang='lat' dir='ltr'><strong>om.</strong></span> <span class='ocrx_word' id='word_1_397' title='bbox 1154 4512 1180 4563; x_wconf 89' lang='lat' dir='ltr'><strong><em>P</em></strong></span> <span class='ocrx_word' id='word_1_398' title='bbox 1236 4529 1293 4564; x_wconf 87' lang='lat' dir='ltr'><strong>esse</strong></span> <span class='ocrx_word' id='word_1_399' title='bbox 1310 4513 1416 4578; x_wconf 81' lang='lat' dir='ltr'><strong>dignare</strong></span> <span class='ocrx_word' id='word_1_400' title='bbox 1433 4510 1535 4561; x_wconf 86' lang='lat' dir='ltr'><strong>domins</strong></span> <span class='ocrx_word' id='word_1_401' title='bbox 1552 4525 1618 4577; x_wconf 82' lang='lat' dir='ltr'><strong>papa</strong></span> <span class='ocrx_word' id='word_1_402' title='bbox 1635 4525 1684 4560; x_wconf 86' lang='lat' dir='ltr'><strong>om.</strong></span> <span class='ocrx_word' id='word_1_403' title='bbox 1705 4508 1728 4559; x_wconf 83' lang='lat'><strong><em>0</em></strong></span> <span class='ocrx_word' id='word_1_404' title='bbox 1776 4508 1882 4574; x_wconf 85' lang='lat' dir='ltr'><strong>dignare</strong></span> 
     </span>
     <span class='ocr_line' id='line_1_37' title="bbox 232 4627 1884 4698; baseline -0.001 -18"><span class='ocrx_word' id='word_1_405' title='bbox 232 4629 334 4681; x_wconf 91' lang='lat' dir='ltr'><strong>domina</strong></span> <span class='ocrx_word' id='word_1_406' title='bbox 352 4631 548 4698; x_wconf 82' lang='lat' dir='ltr'><strong>papamn.MF</strong></span> <span class='ocrx_word' id='word_1_407' title='bbox 630 4630 778 4684; x_wconf 69' lang='lat' dir='ltr'><strong>lbidonius</strong></span> <span class='ocrx_word' id='word_1_408' title='bbox 796 4634 898 4686; x_wconf 90' lang='lat' dir='ltr'><strong>domino</strong></span> <span class='ocrx_word' id='word_1_409' title='bbox 917 4632 1006 4685; x_wconf 82' lang='lat' dir='ltr'><strong>om.F</strong></span> <span class='ocrx_word' id='word_1_410' title='bbox 1053 4634 1214 4684; x_wconf 79' lang='lat' dir='ltr'><strong>PACIENTI</strong></span> <span class='ocrx_word' id='word_1_411' title='bbox 1230 4631 1378 4684; x_wconf 69' lang='lat' dir='ltr'><strong>Prendo</strong></span> <span class='ocrx_word' id='word_1_412' title='bbox 1426 4632 1535 4684; x_wconf 85' lang='lat' dir='ltr'><strong>salntem</strong></span> <span class='ocrx_word' id='word_1_413' title='bbox 1547 4629 1635 4682; x_wconf 85' lang='lat' dir='ltr'><strong>om.F</strong></span> <span class='ocrx_word' id='word_1_414' title='bbox 1718 4627 1752 4679; x_wconf 90' lang='grc'><strong>10</strong></span> <span class='ocrx_word' id='word_1_415' title='bbox 1763 4629 1841 4680; x_wconf 83' lang='lat' dir='ltr'><strong>istaec</strong></span> <span class='ocrx_word' id='word_1_416' title='bbox 1851 4628 1884 4692; x_wconf 80' lang='lat' dir='ltr'><strong>L,</strong></span> 
     </span>
     <span class='ocr_line' id='line_1_38' title="bbox 228 4749 1881 4819; baseline -0.001 -18"><span class='ocrx_word' id='word_1_417' title='bbox 228 4750 277 4801; x_wconf 87' lang='lat' dir='ltr'><strong>ista</strong></span> <span class='ocrx_word' id='word_1_418' title='bbox 298 4751 325 4814; x_wconf 82' lang='lat'><strong>0,</strong></span> <span class='ocrx_word' id='word_1_419' title='bbox 343 4752 392 4803; x_wconf 79' lang='lat' dir='ltr'><strong>ista</strong></span> <span class='ocrx_word' id='word_1_420' title='bbox 410 4753 473 4804; x_wconf 86' lang='lat' dir='ltr'><strong>haec</strong></span> <span class='ocrx_word' id='word_1_421' title='bbox 491 4750 600 4804; x_wconf 81' lang='lat' dir='ltr'><em>MTFP</em></span> <span class='ocrx_word' id='word_1_422' title='bbox 671 4753 719 4804; x_wconf 80' lang='lat' dir='ltr'><strong>ista</strong></span> <span class='ocrx_word' id='word_1_423' title='bbox 737 4769 785 4804; x_wconf 84' lang='lat' dir='ltr'><strong>om.</strong></span> <span class='ocrx_word' id='word_1_424' title='bbox 805 4752 935 4806; x_wconf 77' lang='lat' dir='ltr'><em>MFOFP</em></span> <span class='ocrx_word' id='word_1_425' title='bbox 1007 4754 1181 4807; x_wconf 64' lang='lat' dir='ltr'><strong>sentenciae*</strong></span> <span class='ocrx_word' id='word_1_426' title='bbox 1253 4752 1364 4805; x_wconf 83' lang='lat' dir='ltr'><strong>maxime</strong></span> <span class='ocrx_word' id='word_1_427' title='bbox 1381 4751 1511 4804; x_wconf 79' lang='lat' dir='ltr'><em>MTOFP</em></span> <span class='ocrx_word' id='word_1_428' title='bbox 1582 4767 1647 4819; x_wconf 82' lang='lat' dir='ltr'><strong>papa</strong></span> <span class='ocrx_word' id='word_1_429' title='bbox 1664 4749 1808 4802; x_wconf 87' lang='lat' dir='ltr'><strong>beatissime</strong></span> <span class='ocrx_word' id='word_1_430' title='bbox 1826 4767 1845 4800; x_wconf 88' lang='lat' dir='ltr'><strong>s.</strong></span> <span class='ocrx_word' id='word_1_431' title='bbox 1865 4749 1881 4799; x_wconf 87' lang='lat' dir='ltr'><strong>l.</strong></span> 
     </span>
     <span class='ocr_line' id='line_1_39' title="bbox 228 4868 1882 4939; baseline -0.001 -18"><span class='ocrx_word' id='word_1_432' title='bbox 228 4871 289 4922; x_wconf 80' lang='lat' dir='ltr'><strong>add.</strong></span> <span class='ocrx_word' id='word_1_433' title='bbox 310 4871 358 4921; x_wconf 82' lang='grc' dir='ltr'><strong>11ι</strong></span> <span class='ocrx_word' id='word_1_434' title='bbox 475 4869 507 4922; x_wconf 88' lang='grc'><strong>11</strong></span> <span class='ocrx_word' id='word_1_435' title='bbox 528 4889 611 4938; x_wconf 85' lang='lat' dir='ltr'><strong>nsque</strong></span> <span class='ocrx_word' id='word_1_436' title='bbox 628 4891 649 4924; x_wconf 86' lang='grc' dir='ltr'><strong>ι.</strong></span> <span class='ocrx_word' id='word_1_437' title='bbox 668 4873 684 4923; x_wconf 92' lang='lat' dir='ltr'><strong>l.</strong></span> <span class='ocrx_word' id='word_1_438' title='bbox 704 4871 767 4924; x_wconf 77' lang='lat' dir='ltr'><strong>odd.</strong></span> <span class='ocrx_word' id='word_1_439' title='bbox 788 4871 823 4922; x_wconf 76' lang='lat' dir='ltr'><em>M</em></span> <span class='ocrx_word' id='word_1_440' title='bbox 826 4871 845 4936; x_wconf 88' lang='lat'><strong>¹,</strong></span> <span class='ocrx_word' id='word_1_441' title='bbox 862 4889 911 4924; x_wconf 83' lang='lat' dir='ltr'><strong>ora.</strong></span> <span class='ocrx_word' id='word_1_442' title='bbox 935 4872 960 4923; x_wconf 85' lang='grc' dir='ltr'><em>Τ</em></span> <span class='ocrx_word' id='word_1_443' title='bbox 1022 4881 1081 4939; x_wconf 83' lang='lat' dir='ltr'><strong>post</strong></span> <span class='ocrx_word' id='word_1_444' title='bbox 1097 4889 1180 4939; x_wconf 89' lang='lat' dir='ltr'><strong>usque</strong></span> <span class='ocrx_word' id='word_1_445' title='bbox 1200 4877 1216 4924; x_wconf 83' lang='lat'><strong><em>5</em></strong></span> <span class='ocrx_word' id='word_1_446' title='bbox 1235 4873 1281 4924; x_wconf 84' lang='lat' dir='ltr'><strong>litt.</strong></span> <span class='ocrx_word' id='word_1_447' title='bbox 1300 4890 1367 4925; x_wconf 79' lang='lat' dir='ltr'><strong>cros.</strong></span> <span class='ocrx_word' id='word_1_448' title='bbox 1385 4870 1425 4923; x_wconf 76' lang='lat'><strong>1²¹</strong></span> <span class='ocrx_word' id='word_1_449' title='bbox 1543 4868 1576 4921; x_wconf 76' lang='lat'><strong>12</strong></span> <span class='ocrx_word' id='word_1_450' title='bbox 1593 4868 1711 4922; x_wconf 83' lang='lat' dir='ltr'><strong>karitatis</strong></span> <span class='ocrx_word' id='word_1_451' title='bbox 1731 4869 1754 4920; x_wconf 79' lang='lat'><em>0</em></span> <span class='ocrx_word' id='word_1_452' title='bbox 1818 4869 1882 4920; x_wconf 91' lang='lat' dir='ltr'><strong>indi-</strong></span> 
     </span>
     <span class='ocr_line' id='line_1_40' title="bbox 226 4989 1883 5062; baseline -0.001 -19"><span class='ocrx_word' id='word_1_453' title='bbox 226 4993 342 5058; x_wconf 87' lang='lat' dir='ltr'><strong>gentium</strong></span> <span class='ocrx_word' id='word_1_454' title='bbox 366 4991 415 5044; x_wconf 86' lang='lat' dir='ltr'><strong>TF</strong></span> <span class='ocrx_word' id='word_1_455' title='bbox 534 4990 567 5043; x_wconf 88' lang='grc'><strong>13</strong></span> <span class='ocrx_word' id='word_1_456' title='bbox 589 5006 684 5060; x_wconf 84' lang='lat' dir='ltr'><strong>peenas</strong></span> <span class='ocrx_word' id='word_1_457' title='bbox 702 5012 721 5044; x_wconf 84' lang='grc' dir='ltr'><strong>ι.</strong></span> <span class='ocrx_word' id='word_1_458' title='bbox 741 4994 759 5045; x_wconf 80' lang='lat'><strong>1.</strong></span> <span class='ocrx_word' id='word_1_459' title='bbox 779 4993 843 5045; x_wconf 84' lang='lat' dir='ltr'><strong>add.</strong></span> <span class='ocrx_word' id='word_1_460' title='bbox 861 4993 908 5044; x_wconf 68' lang='grc' dir='ltr'><strong>111ι</strong></span> <span class='ocrx_word' id='word_1_461' title='bbox 1033 4991 1066 5044; x_wconf 88' lang='grc'><strong>14</strong></span> <span class='ocrx_word' id='word_1_462' title='bbox 1084 4993 1156 5061; x_wconf 77' lang='lat' dir='ltr'><strong>pcib3</strong></span> <span class='ocrx_word' id='word_1_463' title='bbox 1174 4992 1204 5044; x_wconf 87' lang='lat' dir='ltr'><em>F</em></span> <span class='ocrx_word' id='word_1_464' title='bbox 1322 4991 1355 5044; x_wconf 87' lang='lat'><strong>15</strong></span> <span class='ocrx_word' id='word_1_465' title='bbox 1376 4993 1517 5062; x_wconf 84' lang='lat' dir='ltr'><strong>provintias</strong></span> <span class='ocrx_word' id='word_1_466' title='bbox 1535 4992 1564 5043; x_wconf 92' lang='lat' dir='ltr'><em>F</em></span> <span class='ocrx_word' id='word_1_467' title='bbox 1683 4989 1716 5043; x_wconf 89' lang='grc'><strong>16</strong></span> <span class='ocrx_word' id='word_1_468' title='bbox 1733 4991 1883 5043; x_wconf 84' lang='lat' dir='ltr'><strong>consuletur</strong></span> 
     </span>
     <span class='ocr_line' id='line_1_41' title="bbox 228 5073 1882 5177; baseline 0 -13"><span class='ocrx_word' id='word_1_469' title='bbox 228 5110 257 5176; x_wconf 84' lang='lat' dir='ltr'><strong>(u</strong></span> <span class='ocrx_word' id='word_1_470' title='bbox 275 5131 343 5165; x_wconf 68' lang='lat' dir='ltr'><strong>arr.</strong></span> <span class='ocrx_word' id='word_1_471' title='bbox 361 5114 389 5164; x_wconf 73' lang='lat' dir='ltr'><strong>a</strong></span> <span class='ocrx_word' id='word_1_472' title='bbox 407 5132 422 5166; x_wconf 91' lang='lat'><strong>0</strong></span> <span class='ocrx_word' id='word_1_473' title='bbox 441 5112 498 5177; x_wconf 60' lang='grc' dir='ltr'><strong>ιιι)</strong></span> <span class='ocrx_word' id='word_1_474' title='bbox 517 5073 575 5164; x_wconf 67' lang='lat' dir='ltr'><strong>dn</strong></span> <span class='ocrx_word' id='word_1_475' title='bbox 642 5113 672 5165; x_wconf 82' lang='grc' dir='ltr'><strong>ιι</strong></span> <span class='ocrx_word' id='word_1_476' title='bbox 695 5113 881 5177; x_wconf 64' lang='lat' dir='ltr'><strong>naccam,</strong></span> <span class='ocrx_word' id='word_1_477' title='bbox 899 5114 949 5166; x_wconf 77' lang='grc' dir='ltr'><strong>ιιι</strong></span> <span class='ocrx_word' id='word_1_478' title='bbox 964 5111 1118 5165; x_wconf 73' lang='lat' dir='ltr'><strong>aurora</strong></span> <span class='ocrx_word' id='word_1_479' title='bbox 1184 5121 1214 5166; x_wconf 76' lang='grc' dir='ltr'><strong>ιι</strong></span> <span class='ocrx_word' id='word_1_480' title='bbox 1231 5133 1250 5166; x_wconf 71' lang='grc' dir='ltr'><strong>ι.</strong></span> <span class='ocrx_word' id='word_1_481' title='bbox 1270 5116 1287 5167; x_wconf 89' lang='grc' dir='ltr'><strong>ι.</strong></span> <span class='ocrx_word' id='word_1_482' title='bbox 1305 5113 1369 5167; x_wconf 76' lang='lat' dir='ltr'><strong>aas.</strong></span> <span class='ocrx_word' id='word_1_483' title='bbox 1387 5114 1434 5164; x_wconf 69' lang='grc' dir='ltr'><strong>ιιι</strong></span> <span class='ocrx_word' id='word_1_484' title='bbox 1503 5112 1667 5166; x_wconf 62' lang='lat' dir='ltr'><strong>scensas</strong></span> <span class='ocrx_word' id='word_1_485' title='bbox 1772 5107 1805 5162; x_wconf 82' lang='lat' dir='ltr'><strong>u</strong></span> <span class='ocrx_word' id='word_1_486' title='bbox 1821 5111 1882 5164; x_wconf 66' lang='lat' dir='ltr'><strong>snus</strong></span> 
     </span>
     <span class='ocr_line' id='line_1_42' title="bbox 227 5213 1885 5302; baseline 0 -18"><span class='ocrx_word' id='word_1_487' title='bbox 227 5233 260 5284; x_wconf 85' lang='lat' dir='ltr'><strong>ot</strong></span> <span class='ocrx_word' id='word_1_488' title='bbox 277 5234 380 5286; x_wconf 85' lang='lat' dir='ltr'><strong>terseris</strong></span> <span class='ocrx_word' id='word_1_489' title='bbox 397 5235 491 5286; x_wconf 71' lang='lat' dir='ltr'><strong>caiam</strong></span> <span class='ocrx_word' id='word_1_490' title='bbox 509 5234 580 5301; x_wconf 75' lang='lat' dir='ltr'><strong>epist.</strong></span> <span class='ocrx_word' id='word_1_491' title='bbox 598 5251 646 5286; x_wconf 84' lang='lat' dir='ltr'><strong>om.</strong></span> <span class='ocrx_word' id='word_1_492' title='bbox 665 5233 719 5285; x_wconf 70' lang='grc' dir='ltr'><strong>ΒΤ</strong></span> <span class='ocrx_word' id='word_1_493' title='bbox 831 5233 865 5286; x_wconf 88' lang='grc'><strong>18</strong></span> <span class='ocrx_word' id='word_1_494' title='bbox 881 5233 969 5287; x_wconf 78' lang='lat' dir='ltr'><strong>oecion</strong></span> <span class='ocrx_word' id='word_1_495' title='bbox 987 5235 1109 5288; x_wconf 83' lang='lat' dir='ltr'><strong>novidisti</strong></span> <span class='ocrx_word' id='word_1_496' title='bbox 1128 5235 1151 5288; x_wconf 78' lang='lat'><strong><em>0</em></strong></span> <span class='ocrx_word' id='word_1_497' title='bbox 1225 5236 1340 5302; x_wconf 90' lang='lat' dir='ltr'><strong>quotidie</strong></span> <span class='ocrx_word' id='word_1_498' title='bbox 1357 5235 1400 5300; x_wconf 76' lang='lat' dir='ltr'><strong>M,</strong></span> <span class='ocrx_word' id='word_1_499' title='bbox 1425 5235 1550 5302; x_wconf 81' lang='lat' dir='ltr'><strong>quottidie</strong></span> <span class='ocrx_word' id='word_1_500' title='bbox 1568 5234 1594 5285; x_wconf 92' lang='lat' dir='ltr'><em>P</em></span> <span class='ocrx_word' id='word_1_501' title='bbox 1664 5213 1843 5285; x_wconf 77' lang='lat' dir='ltr'><strong>deffeceionem</strong></span> <span class='ocrx_word' id='word_1_502' title='bbox 1862 5229 1885 5285; x_wconf 80' lang='lat' dir='ltr'><strong><em>G</em></strong></span> 
     </span>
     <span class='ocr_line' id='line_1_43' title="bbox 228 5351 1887 5422; baseline 0.001 -19"><span class='ocrx_word' id='word_1_503' title='bbox 228 5351 261 5403; x_wconf 87' lang='grc'><strong>19</strong></span> <span class='ocrx_word' id='word_1_504' title='bbox 283 5362 344 5420; x_wconf 78' lang='lat' dir='ltr'><strong>post</strong></span> <span class='ocrx_word' id='word_1_505' title='bbox 364 5353 458 5406; x_wconf 86' lang='lat' dir='ltr'><strong>toleras</strong></span> <span class='ocrx_word' id='word_1_506' title='bbox 479 5371 559 5406; x_wconf 81' lang='lat' dir='ltr'><strong>unam</strong></span> <span class='ocrx_word' id='word_1_507' title='bbox 578 5354 623 5406; x_wconf 82' lang='lat' dir='ltr'><strong>litt.</strong></span> <span class='ocrx_word' id='word_1_508' title='bbox 642 5369 710 5405; x_wconf 78' lang='lat' dir='ltr'><strong>cras.</strong></span> <span class='ocrx_word' id='word_1_509' title='bbox 731 5354 754 5405; x_wconf 82' lang='grc'><em>0</em></span> <span class='ocrx_word' id='word_1_510' title='bbox 759 5354 767 5385; x_wconf 94' lang='lat'>¹</span> <span class='ocrx_word' id='word_1_511' title='bbox 890 5352 923 5407; x_wconf 76' lang='lat'><strong>21</strong></span> <span class='ocrx_word' id='word_1_512' title='bbox 946 5362 972 5407; x_wconf 86' lang='lat' dir='ltr'><strong>te</strong></span> <span class='ocrx_word' id='word_1_513' title='bbox 990 5361 1061 5408; x_wconf 79' lang='lat' dir='ltr'><strong>tanto</strong></span> <span class='ocrx_word' id='word_1_514' title='bbox 1078 5355 1109 5406; x_wconf 91' lang='lat' dir='ltr'><em>F</em></span> <span class='ocrx_word' id='word_1_515' title='bbox 1226 5355 1261 5407; x_wconf 77' lang='lat'><strong>22</strong></span> <span class='ocrx_word' id='word_1_516' title='bbox 1283 5357 1461 5409; x_wconf 79' lang='lat' dir='ltr'><strong>conustsreO</strong></span> <span class='ocrx_word' id='word_1_517' title='bbox 1577 5352 1613 5406; x_wconf 71' lang='lat'><strong>24</strong></span> <span class='ocrx_word' id='word_1_518' title='bbox 1633 5354 1840 5422; x_wconf 83' lang='lat' dir='ltr'><strong>dispotitiouibus</strong></span> <span class='ocrx_word' id='word_1_519' title='bbox 1858 5353 1887 5405; x_wconf 91' lang='lat' dir='ltr'><em>F</em></span> 
     </span>
     <span class='ocr_line' id='line_1_44' title="bbox 226 5435 1880 5542; baseline 0.002 -18"><span class='ocrx_word' id='word_1_520' title='bbox 226 5471 472 5526; x_wconf 67' lang='lat' dir='ltr'><strong>ascomannorum</strong></span> <span class='ocrx_word' id='word_1_521' title='bbox 492 5473 518 5524; x_wconf 90' lang='lat' dir='ltr'><strong><em>P</em></strong></span> <span class='ocrx_word' id='word_1_522' title='bbox 619 5471 654 5527; x_wconf 78' lang='lat'><strong>26</strong></span> <span class='ocrx_word' id='word_1_523' title='bbox 671 5474 825 5541; x_wconf 87' lang='lat' dir='ltr'><strong>spiritalium</strong></span> <span class='ocrx_word' id='word_1_524' title='bbox 843 5472 900 5525; x_wconf 82' lang='lat' dir='ltr'><strong>MP</strong></span> <span class='ocrx_word' id='word_1_525' title='bbox 1000 5471 1033 5526; x_wconf 75' lang='lat'><strong>27</strong></span> <span class='ocrx_word' id='word_1_526' title='bbox 1051 5477 1152 5542; x_wconf 84' lang='lat' dir='ltr'><strong>quoties</strong></span> <span class='ocrx_word' id='word_1_527' title='bbox 1169 5475 1212 5540; x_wconf 79' lang='lat' dir='ltr'><strong>M,</strong></span> <span class='ocrx_word' id='word_1_528' title='bbox 1235 5435 1336 5542; x_wconf 65' lang='lat' dir='ltr'><strong>quotie:</strong></span> <span class='ocrx_word' id='word_1_529' title='bbox 1354 5475 1395 5527; x_wconf 75' lang='lat'><strong>1³¹</strong></span> <span class='ocrx_word' id='word_1_530' title='bbox 1503 5474 1538 5528; x_wconf 76' lang='lat'><strong>29</strong></span> <span class='ocrx_word' id='word_1_531' title='bbox 1555 5479 1641 5529; x_wconf 73' lang='lat' dir='ltr'><strong>forsan</strong></span> <span class='ocrx_word' id='word_1_532' title='bbox 1661 5475 1707 5526; x_wconf 81' lang='lat' dir='ltr'><strong>GP</strong></span> <span class='ocrx_word' id='word_1_533' title='bbox 1773 5475 1880 5542; x_wconf 84' lang='lat' dir='ltr'><strong>collegis</strong></span> 
     </span>
     <span class='ocr_line' id='line_1_45' title="bbox 227 5593 1882 5664; baseline 0.001 -19"><span class='ocrx_word' id='word_1_534' title='bbox 227 5611 294 5645; x_wconf 82' lang='lat' dir='ltr'><strong>corr.</strong></span> <span class='ocrx_word' id='word_1_535' title='bbox 314 5611 344 5645; x_wconf 73' lang='lat' dir='ltr'><strong>sa</strong></span> <span class='ocrx_word' id='word_1_536' title='bbox 362 5595 477 5660; x_wconf 86' lang='lat' dir='ltr'><strong>collegiis</strong></span> <span class='ocrx_word' id='word_1_537' title='bbox 496 5595 548 5659; x_wconf 86' lang='lat' dir='ltr'><strong>F¹,</strong></span> <span class='ocrx_word' id='word_1_538' title='bbox 565 5612 596 5646; x_wconf 75' lang='lat' dir='ltr'><strong>ec</strong></span> <span class='ocrx_word' id='word_1_539' title='bbox 614 5595 766 5661; x_wconf 88' lang='lat' dir='ltr'><strong>collegimus</strong></span> <span class='ocrx_word' id='word_1_540' title='bbox 784 5594 822 5645; x_wconf 90' lang='lat' dir='ltr'><strong>P¹</strong></span> <span class='ocrx_word' id='word_1_541' title='bbox 927 5593 1501 5664; x_wconf 70' lang='lat' dir='ltr'><strong>30praecrpu0(ocm.cerr1¹)rrr⁷1³</strong></span> <span class='ocrx_word' id='word_1_542' title='bbox 1566 5597 1594 5650; x_wconf 88' lang='lat' dir='ltr'><strong>in</strong></span> <span class='ocrx_word' id='word_1_543' title='bbox 1612 5594 1651 5664; x_wconf 89' lang='lat' dir='ltr'><strong>(in</strong></span> <span class='ocrx_word' id='word_1_544' title='bbox 1669 5615 1690 5648; x_wconf 89' lang='lat' dir='ltr'><strong>s.</strong></span> <span class='ocrx_word' id='word_1_545' title='bbox 1708 5597 1726 5648; x_wconf 86' lang='lat' dir='ltr'><strong>l.</strong></span> <span class='ocrx_word' id='word_1_546' title='bbox 1743 5595 1807 5647; x_wconf 83' lang='lat' dir='ltr'><strong>add.</strong></span> <span class='ocrx_word' id='word_1_547' title='bbox 1824 5593 1882 5658; x_wconf 82' lang='lat' dir='ltr'><strong>M¹)</strong></span> 
     </span>
     <span class='ocr_line' id='line_1_46' title="bbox 225 5715 797 5784; baseline 0.005 -17"><span class='ocrx_word' id='word_1_548' title='bbox 225 5716 325 5768; x_wconf 83' lang='lat' dir='ltr'><strong>inficias</strong></span> <span class='ocrx_word' id='word_1_549' title='bbox 342 5715 447 5768; x_wconf 77' lang='lat' dir='ltr'><em>MUFP</em></span> <span class='ocrx_word' id='word_1_550' title='bbox 514 5723 571 5784; x_wconf 87' lang='lat' dir='ltr'><strong>post</strong></span> <span class='ocrx_word' id='word_1_551' title='bbox 587 5734 609 5768; x_wconf 76' lang='lat' dir='ltr'><strong>e.</strong></span> <span class='ocrx_word' id='word_1_552' title='bbox 628 5717 645 5768; x_wconf 88' lang='lat' dir='ltr'><strong>l.</strong></span> <span class='ocrx_word' id='word_1_553' title='bbox 664 5716 727 5770; x_wconf 70' lang='lat' dir='ltr'><strong>auct.</strong></span> <span class='ocrx_word' id='word_1_554' title='bbox 745 5717 777 5769; x_wconf 80' lang='lat' dir='ltr'><em>M</em></span> <span class='ocrx_word' id='word_1_555' title='bbox 788 5719 797 5750; x_wconf 89' lang='lat'><strong>¹</strong></span> 
     </span>
    </p>
   </div>
   <div class='ocr_carea' id='block_1_7' title="bbox 0 0 2326 6486">
    <p class='ocr_par' dir='ltr' id='par_1_16' title="bbox 0 0 2326 6486">
     <span class='ocr_line' id='line_1_47' title="bbox 0 0 2326 6486; baseline 0 0"><span class='ocrx_word' id='word_1_556' title='bbox 0 0 2326 6486; x_wconf 95' lang='lat' dir='ltr'><strong> </strong></span> 
     </span>
    </p>
   </div>
  </div>
 </body>
</html>
