4612 6428
414 409 476 470 244
1062 403 1200 458 SlDONll
1219 402 1416 458 CARMINUM

414 577 531 664 quibus
555 576 650 642 lectis
675 577 797 665 oppido
821 577 933 658 scires,
957 578 1018 642 etsi
1044 579 1172 664 utrique
1196 584 1343 642 nostrum
1368 577 1544 665 disparatis
1567 597 1673 664 aequo
1696 578 1880 662 plusculum
1904 578 1984 643 locis
2005 579 2073 643 Lar

362 685 381 745 2
413 681 584 747 familiaris
615 682 783 764 incolitur,
816 704 879 746 non
910 683 1031 747 idcireo
1059 689 1126 747 tam
1154 682 1247 747 nobis
1279 682 1422 748 animum
1451 681 1613 746 dissidere
1645 703 1742 768 quam
1772 683 1921 769 patriam.
1967 684 2071 748 habes

414 786 513 872 igitur
534 786 587 851 hie
603 786 786 871 Dionysum
810 787 896 852 inter
918 787 1073 874 triumphi
1090 787 1196 852 Indici
1219 787 1462 851 oblectamenta
1483 793 1698 863 marcentem;
1722 788 1825 854 habes
1841 794 1875 854 et
1889 789 2071 865 Phoebum,

415 912 513 975 quem
536 891 596 955 tibi
619 890 688 955 iure
713 892 841 977 poetico
866 891 1059 975 inquilinum
1084 891 1206 956 facturn
1230 897 1360 956 constat
1383 912 1424 954 ex
1449 892 1597 970 numine,
1629 892 1720 956 illum
1750 893 1876 958 scilieet
1897 893 2071 958 Phoebum

417 995 575 1060 Anthedii
597 997 662 1060 mei
686 996 951 1082 perfamiliarem,
976 997 1067 1060 cuius
1092 996 1232 1081 collegio
1256 996 1307 1059 vir
1329 994 1516 1081 praefectus
1540 1017 1604 1059 non
1627 995 1725 1060 modo
1749 997 1890 1062 musicos
1913 1017 2071 1082 quosque,
2113 1009 2125 1046 ὓ

414 1120 529 1164 verum
567 1100 665 1164 etiam
702 1106 902 1186 geometras,
942 1099 1167 1164 arithmeticos
1202 1105 1235 1164 et
1269 1099 1453 1184 astrologos
1485 1099 1666 1164 disserendi
1702 1106 1772 1164 arte
1803 1101 2007 1186 supervenit;
2044 1101 2073 1164 si

416 1201 548 1287 quidem
573 1204 698 1268 nullum
722 1204 784 1268 boc
808 1205 959 1270 exactius
984 1211 1185 1291 compertum
1209 1204 1332 1268 habere
1348 1205 1543 1283 censuerim,
1568 1201 1646 1289 quid
1663 1202 1773 1269 sidera
1788 1203 1912 1268 zodiaci
1929 1205 2073 1290 obliqua,

364 1308 382 1369 3
415 1305 492 1392 quid
516 1307 722 1392 planetarum
744 1329 845 1393 vaga,
877 1308 953 1394 quid
977 1309 1099 1373 exotici
1123 1330 1237 1396 sparsa
1260 1310 1483 1395 praevaleant.
1530 1329 1604 1372 nam
1628 1307 1675 1372 ita
1697 1307 1762 1388 his,
1789 1313 1826 1371 ut
1849 1307 1896 1372 sic
1921 1306 2071 1390 dixerim,

414 1411 570 1474 membris
595 1411 823 1497 philosophiae
847 1411 959 1493 claret,
983 1420 1019 1476 ut
1041 1412 1191 1477 uideatur
1214 1413 1293 1477 mihi
1318 1410 1480 1477 Iulianum
1501 1412 1688 1493 Vertacum,
1713 1411 1901 1477 Fullonium
1921 1411 2070 1478 Saturni-

415 1534 509 1591 num,
539 1515 687 1579 inlibris
711 1512 899 1581 matheseos
930 1517 1146 1602 peritissimos
1178 1517 1381 1594 conditores,
1413 1517 1538 1601 absque
1568 1517 1747 1602 interprete
1777 1516 1911 1601 ingenio
1942 1523 2070 1581 tanturn
2100 1531 2126 1569 1⁰

416 1618 617 1703 suffragante
648 1616 814 1683 didicisse.
865 1641 924 1683 nos
956 1621 1096 1704 vestigia
1134 1621 1302 1685 doctrinae
1334 1620 1438 1705 ipsius
1470 1619 1645 1684 adorantes
1676 1641 1786 1684 coram
1817 1640 1936 1684 canoro
1969 1641 2073 1706 cygno

416 1742 530 1786 ravum
552 1742 704 1787 anserem
727 1722 927 1808 profitemur.

520 1823 607 1898 Quid
629 1831 662 1890 te
691 1827 832 1912 amplius
862 1834 989 1892 moror?
1024 1826 1171 1914 Burgum
1201 1835 1306 1902 tuam,
1339 1846 1401 1911 quo
1432 1827 1502 1890 iure
1532 1827 1673 1892 amicum
1702 1827 1826 1906 decuit,
1859 1849 1967 1893 meam
1998 1826 2073 1906 feci,

416 1928 520 2015 probe
545 1930 654 1994 sciens
677 1930 730 1994 vel
755 1932 926 1995 materiam
951 1931 1011 1997 tibi
1035 1954 1109 1996 esso
1134 1931 1338 2019 placituram,
1362 1931 1492 1995 etiamsi
1516 1953 1558 1996 ex
1583 1931 1689 1995 solido
1712 1952 1832 2018 poema
1855 1931 2037 2017 displiceat.

957 2292 1139 2359 BURGUS
1162 2293 1317 2360 ΡΟΝΤΙΙ
1340 2293 1537 2359 LEONTII.

833 2427 985 2522 Brsrouu
1010 2457 1175 2522 stabulum
1199 2458 1299 2543 regis,
1322 2457 1482 2524 Busiridis
1506 2479 1590 2538 aras,

784 2559 985 2647 Antiphatae
1009 2582 1140 2626 mensas
1165 2567 1198 2626 et
1221 2562 1363 2626 Taurica
1386 2583 1488 2647 regna
1511 2560 1670 2627 Thoantis

785 2670 883 2749 atque
906 2663 1013 2729 Ithaci
1035 2665 1169 2751 iugenio
1193 2665 1379 2730 fraudatum
1401 2665 1476 2730 luce
1501 2663 1647 2751 Cyclopa

786 2775 971 2854 portantem
995 2768 1111 2833 frontis
1135 2789 1250 2855 campo
1275 2789 1333 2855 per
1357 2788 1501 2833 concava
1524 2769 1641 2833 montis

741 2887 752 2924 ⁵
784 2893 844 2958 par
865 2894 968 2959 prope
992 2873 1165 2938 transfossi
1187 2874 1398 2939 tenebrosum
1422 2873 1552 2938 luminis
1575 2880 1713 2952 antrum,

787 2976 920 3063 hospes,
945 2978 1008 3059 adi,
1032 2979 1058 3042 si
1082 2979 1154 3064 quis
1178 2978 1326 3062 Burgum
1350 2977 1510 3042 taciturus
1534 2976 1641 3042 adisti.

787 3086 820 3145 et
843 3081 921 3146 licet
943 3082 976 3144 in
1000 3102 1132 3146 carmen
1155 3102 1220 3145 non
1243 3082 1366 3167 passim
1388 3082 1480 3146 laxet
1502 3080 1649 3145 habenas

785 3183 941 3249 Phoebus
965 3191 999 3248 et
1023 3185 1075 3249 hic
1099 3184 1176 3250 totis
1200 3207 1266 3249 non
1288 3184 1411 3271 pandat
1435 3185 1571 3251 carbasa
1594 3184 1693 3262 fandi,

786 3288 923 3374 quisque
947 3295 1057 3354 tamen
1081 3297 1189 3355 tantos
1212 3311 1277 3354 non
1301 3289 1437 3354 laudans
1462 3310 1519 3354 ore
1542 3295 1680 3376 penates

731 3406 755 3442 10
787 3392 933 3480 inspicis,
957 3394 1139 3481 inspiceris:
1166 3402 1299 3460 resonat
1322 3394 1393 3458 sine
1418 3413 1497 3458 voce
1521 3394 1685 3468 voluntas,

787 3518 862 3560 nam
886 3504 942 3562 tua
966 3504 999 3562 te
1023 3499 1158 3563 tacitum
1181 3498 1283 3563 livere
1307 3497 1438 3562 silentia
1461 3498 1614 3562 clamant.

835 3600 923 3685 Ergo
940 3599 1020 3686 age,
1043 3601 1180 3682 Pierias,
1204 3601 1317 3680 Erato,
1341 3601 1420 3667 mibi
1443 3607 1578 3687 percute
1603 3599 1759 3668 chordas:

787 3713 985 3792 responsent
1008 3705 1127 3791 Satyri,
1153 3706 1355 3791 digitumque
1379 3705 1562 3791 pedemque
1585 3710 1757 3768 moventes

789 3809 904 3875 ludant
928 3816 962 3875 et
985 3811 1124 3875 tremulo
1149 3832 1213 3875 non
1238 3817 1392 3896 rumpant
1415 3810 1543 3873 cantica
1565 3809 1661 3873 saltu.

731 3929 755 3966 ¹⁵
788 3914 942 4000 quicquid
965 3915 1049 3979 forte
1065 3914 1173 4001 Dryas
1191 3917 1241 3979 vel
1267 3914 1419 4002 quicquid
1436 3913 1644 3999 Hamadryas
1664 3934 1817 3998 umquam

788 4019 924 4083 conexis
949 4019 1081 4083 sibimet
1104 4019 1226 4085 festum
1250 4021 1401 4105 plausere
1424 4017 1579 4104 Napaeis,

788 4122 977 4208 dependant
1000 4125 1106 4202 modo,
1130 4124 1253 4210 Burge,
1277 4123 1348 4202 tibi,
1371 4124 1426 4187 rel
1449 4122 1570 4187 Naidas
1593 4122 1676 4202 istic,

787 4225 967 4292 Nereidum
992 4228 1109 4294 chorus
1132 4229 1229 4309 alme,
1253 4227 1344 4309 doce,
1368 4249 1440 4294 cum
1465 4227 1549 4291 forte
1574 4226 1742 4291 Garumna

790 4332 853 4397 huc
877 4331 1037 4398 redeunte
1061 4334 1154 4398 venis
1177 4339 1377 4419 pontumque
1401 4334 1434 4396 in
1457 4331 1589 4396 flumine
1614 4332 1732 4395 sulcas.

731 4451 757 4489 ²⁰
787 4435 894 4523 pande
919 4437 1018 4522 igitur
1041 4458 1166 4518 causas,
1190 4436 1301 4509 Erato,
1326 4437 1513 4522 laribusque
1537 4436 1579 4500 sit
1601 4435 1662 4500 ede

788 4541 858 4624 quis
882 4542 1014 4625 genius3
1038 4547 1163 4605 tantum
1187 4562 1251 4605 non
1275 4547 1325 4604 est
1349 4541 1419 4606 sine
1443 4541 1597 4626 praesule
1621 4539 1761 4603 culmen.

427 4719 783 4729 ——-.--—---.-..-.—
797 4720 838 4725 ...-

526 4872 543 4924 2
564 4874 705 4926 famaliaris
718 4873 760 4924 P*
823 4873 951 4924 dissedere
964 4871 990 4922 P
1085 4869 1210 4938 3igitur]
1231 4888 1291 4938 ergo
1304 4870 1333 4922 F
1428 4866 1518 4922 4iurc
1536 4867 1624 4920 tibiF
1684 4869 1783 4921 scilicet
1800 4868 1886 4920 cm.0
1980 4865 2078 4934 bquo·

424 4979 474 5028 que
493 4961 518 5012 P
641 4958 658 5011 6
681 4960 856 5013 arithmeticos
874 4959 906 5024 P,
934 4960 1107 5011 athrimctieoa
1130 4958 1155 5006 Τ
1271 4955 1286 5007 7
1309 4957 1453 5010 censuerim
1474 4956 1497 5006 0
1579 4955 1694 5021 obliquet
1716 4954 1740 5004 Τ
1857 4952 1874 5004 8
1897 4955 1997 5006 exotica
2016 4952 2082 5005 ch

422 5046 466 5114 ita]
491 5048 558 5100 teP
644 5047 707 5098 iso
834 5043 850 5095 9
874 5046 969 5096 lulium
992 5045 1132 5096 Firmicum
1155 5043 1245 5093 inserit
1264 5051 1324 5108 port
1345 5042 1407 5092 mihi
1433 5041 1572 5093 Vaticanus
1590 5045 1655 5093 3421
1790 5039 1823 5092 10
1846 5041 1981 5092 follonium
2003 5039 2078 5092 codd.
2149 5051 2150 5054 ’

424 5134 454 5186 11
475 5134 708 5186 decidaseam&
811 5130 843 5184 13
860 5139 934 5184 tuum
949 5131 996 5182 OF
1098 5131 1258 5180 EXPLICIT
1277 5129 1442 5180 EPISTOLA
1461 5138 1564 5192 anona,
1586 5136 1639 5178 tum
1657 5127 1750 5194 Incipit
1766 5127 1865 5194 burgus
1884 5127 1971 5178 Poncii
1990 5126 2078 5178 leontii

422 5223 493 5272 mbr.
505 5223 582 5272 imur.
595 5223 622 5271 ia
637 5219 669 5279 0‚·
686 5221 847 5271 EXPLICIT
865 5215 956 5270 EPhn
975 5218 1152 5284 subscriptum,
1170 5216 1215 5268 aed
1232 5234 1284 5267 aaa
1302 5233 1377 5266 cerm
1393 5233 1448 5266 arae.
1462 5216 1592 5282 inscriptio
1611 5233 1659 5265 om.
1671 5215 1699 5265 ia
1712 5212 1748 5275 P,·
1766 5216 1868 5280 Burgus
1887 5213 1970 5280 poncii
1988 5213 2077 5265 leontii
2125 5258 2128 5263 .

422 5309 513 5375 incipit
524 5307 562 5358 F:
581 5308 636 5358 εἰπε
647 5306 765 5358 iacenT
860 5304 996 5357 listhonii
1014 5305 1059 5368 T‘,
1076 5303 1198 5370 pistbonii
1215 5303 1240 5353 Τ
1243 5303 1252 5334 ²
1315 5303 1443 5353 bnsiridis
1458 5302 1491 5353 0¹
1589 5299 1777 5352 BtonantisF
1869 5296 2004 5366 dcyclopa
2016 5294 2079 5363 Leo]

345 5391 349 5398 ’
423 5395 556 5462 cyclopum
574 5393 659 5457 codd,
681 5395 813 5460 cyclopem
830 5393 905 5459 culpo
1034 5389 1050 5442 ὃ
1072 5390 1191 5442 tranfoaai
1211 5389 1248 5440 0³
1381 5385 1395 5437 'l
1417 5389 1530 5440 abhenaa
1551 5387 1578 5452 0,
1603 5387 1710 5438 habenis
1729 5385 1771 5436 P⁸
1898 5384 1916 5435 8
1939 5393 2009 5436 totus
2032 5383 2082 5434 Tr

425 5478 664 5547 luvoes1fine1³
769 5478 799 5529 13
818 5481 887 5546 sayri
909 5479 937 5529 F
1038 5476 1071 5528 14
1089 5477 1195 5528 laudant
1216 5476 1237 5526 0
1304 5475 1416 5526 canticas
1433 5475 1489 5526 altu
1507 5473 1533 5524 P
1635 5472 1668 5525 15
1685 5473 1818 5539 amadryns
1841 5471 1870 5535 Τ,
1887 5472 2012 5522 amadrias
2028 5468 2079 5532 ΟΡ,

421 5567 557 5619 amsdritas
575 5565 604 5616 F
723 5564 755 5616 16
778 5567 899 5634 naphaeis
923 5564 1000 5629 TPF,
1025 5565 1125 5632 nipheis
1145 5563 1167 5614 0
1293 5559 1324 5612 li
1343 5563 1492 5630 uepsndant
1511 5563 1545 5612 0¹
1675 5558 1707 5610 18
1730 5576 1848 5627 garunna
1867 5557 1898 5622 P,
1922 5575 2038 5626 garonna
2059 5557 2081 5608 O

424 5657 456 5711 19
475 5655 556 5705 siccas
579 5652 617 5703 T·
1204 5651 1207 5656 '
