4634 6458
830 421 938 477 LIBER
955 421 1003 487 lX,
1021 421 1114 490 9910
1130 451 1164 461 -
1183 421 1281 489 1152.
1824 423 1885 486 159

232 592 419 658 conficiunt.
464 593 523 658 scd
547 594 608 660 hoc
631 595 834 680 temporibus
858 595 929 660 istis
953 595 1014 660 sub
1039 601 1116 661 tuae
1142 601 1269 661 tantum
1294 595 1346 660 vel
1368 595 1644 681 contemplatione
1666 595 1886 660 conscientiae
1902 597 1939 657 16

233 698 284 762 vel
308 697 428 761 virtute
456 695 636 764 doctrinae.
682 719 757 762 nam
785 699 859 786 quis
888 699 1018 785 aequali
1041 700 1183 786 vestigia
1209 705 1266 764 tua
1289 718 1407 784 gressu
1430 697 1597 784 sequatur,
1627 699 1679 763 cui
1702 695 1814 764 datum
1836 703 1889 762 est

233 800 294 864 soli
323 801 413 885 loqui
441 801 559 866 melius
588 822 685 886 quam
714 801 886 882 didiceris,
917 804 1029 869 vivere
1058 803 1175 868 melius
1205 823 1303 890 quam
1330 801 1492 888 loquaris?
1537 802 1691 887 quocirca
1717 801 1833 866 meritc
1855 808 1888 866 te

232 903 460 969 beatissimum
483 904 559 970 boni
583 927 695 970 omnes
718 906 816 992 idque
840 927 941 992 supra
963 927 1077 972 omnes
1100 913 1156 972 tua
1179 911 1378 992 tempestato
1407 905 1698 987 concelebrabunt,
1726 905 1819 970 cuius
1842 905 1889 969 ita

193 1023 204 1058 ι
233 1007 330 1073 dictis
361 1009 429 1074 vita
455 1011 617 1096 factisque
645 1009 817 1097 dupliciter
843 1011 1009 1092 inclaruit,
1040 1017 1092 1092 ut,
1122 1009 1252 1097 quando
1281 1008 1415 1095 quidem
1445 1016 1520 1074 tuos
1548 1029 1652 1075 annos
1683 1009 1749 1073 iam
1771 1007 1891 1074 dextra

234 1113 470 1193 numeraverit,
498 1114 628 1180 saeculo
651 1114 861 1200 praedicatus
885 1121 956 1197 tuo,
981 1114 1216 1181 desiderandus
1240 1114 1362 1196 alieno,
1391 1121 1532 1201 utraque
1553 1112 1726 1178 laudabilis
1749 1113 1889 1194 actione,

233 1215 374 1284 decedas
398 1224 430 1283 te
455 1218 630 1283 relicturus
654 1220 812 1300 externis,
836 1225 894 1284 tua
915 1219 1086 1305 proximis.
1124 1239 1249 1285 memor
1265 1219 1368 1284 nostri
1387 1238 1460 1284 esse
1477 1217 1623 1304 dignare,
1647 1216 1778 1283 domine
1794 1238 1890 1304 papa.

1042 1512 1085 1578 X.

499 1650 710 1718 SIDONIUS
733 1651 911 1718 DOMINO
935 1651 1084 1718 PAPAE
1108 1650 1384 1717 APRUNOULO
1409 1649 1631 1716 SALUTEM.

342 1770 511 1864 Runmmr
540 1799 600 1864 tibi
629 1799 787 1887 epistulas
817 1821 909 1865 meas
940 1822 1038 1886 quem
1065 1800 1145 1865 mihi
1174 1807 1247 1866 tuas
1278 1799 1395 1866 offerre
1429 1822 1489 1886 par
1519 1801 1642 1874 sueram
1680 1820 1755 1863 nam
1792 1797 1893 1862 frater
1926 1800 1937 1858 l

184 1915 208 1952 ¹⁰
235 1909 347 1967 noster
371 1901 557 1968 Caelestius
587 1924 691 1990 nuper
719 1902 761 1968 sd
789 1909 822 1969 te
852 1925 1004 1970 reversus
1033 1903 1074 1970 de
1098 1903 1283 1969 Biterrensi
1314 1903 1475 1990 quoddam
1497 1903 1577 1968 mihi
1602 1923 1702 1990 super
1724 1905 1812 1966 statu
1835 1900 1889 1965 In-

237 2005 350 2070 iuriosi
373 2006 477 2071 nostri
494 2007 660 2072 vinculum
685 2007 845 2073 cessionis
870 2007 989 2073 elicuit.
1028 2009 1115 2095 quod
1138 2007 1268 2095 quidem
1286 2008 1402 2094 scripsi
1418 2029 1484 2073 non
1500 2009 1605 2073 minus
1621 2013 1679 2072 tua
1693 2004 1891 2072 verecundia
1994 2005 1997 2020 '

237 2110 360 2176 fractus
392 2131 489 2196 quam
518 2112 703 2177 voluntate:
739 2131 880 2196 namque
912 2132 972 2178 nos
1002 2113 1087 2177 ultro
1116 2117 1228 2178 vestro
1262 2111 1378 2199 pudori
1407 2113 1500 2197 quasi
1528 2109 1724 2198 quibusdam
1752 2107 1890 2196 pedibus

236 2213 387 2299 obsequii
410 2213 521 2279 decuit
543 2235 725 2281 occurrere.
769 2217 922 2300 quocirca
944 2237 995 2281 me
1019 2238 1147 2302 quoque
1171 2216 1301 2282 volente
1324 2215 1459 2302 posside
1482 2215 1658 2296 indultum,
1686 2210 1745 2278 sed
1769 2212 1890 2278 libera·
1924 2213 1943 2275 2

235 2318 311 2384 liter
334 2317 411 2405 (nec
435 2320 532 2402 enim,
555 2326 592 2383 ut
614 2320 772 2406 suspicor,
801 2321 874 2406 plus
898 2321 1019 2407 aliquid
1041 2321 1104 2413 hoc
1127 2342 1249 2408 genere
1273 2319 1385 2385 solacii
1409 2321 1461 2385 vel
1484 2320 1554 2407 ipse
1579 2315 1765 2404 quaesisti),
1796 2337 1892 2402 quem

177 2439 208 2506 ⁴¹⁵
235 2422 355 2487 litteris
379 2423 450 2487 istis
473 2443 538 2488 non
561 2422 849 2489 commendatoriis
871 2426 978 2490 minus
996 2447 1093 2512 quam
1109 2425 1278 2512 rebracriis
1294 2425 1358 2488 iarn
1372 2425 1521 2511 placatus
1537 2423 1682 2498 insinuo;
1707 2421 1754 2487 sic
1770 2426 1892 2500 tamen,

234 2533 270 2592 ut
292 2526 351 2591 tibi
374 2527 518 2605 assistat,
542 2527 602 2592 tibi
624 2535 750 2614 pareat,
773 2536 806 2592 tc
830 2535 985 2614 sequatur
1007 2536 1105 2615 atquc
1130 2534 1175 2610 ut,
1200 2529 1227 2593 si
1244 2528 1463 2614 permanserit
1479 2534 1598 2608 tecum,
1621 2527 1728 2593 neutri
1746 2530 1892 2589 nostrum

234 2629 396 2695 iudicetur
418 2629 570 2710 famulus,
594 2631 623 2696 si
645 2631 730 2696 forte
754 2630 954 2708 discesserit,
979 2639 1156 2718 quaeratur
1177 2632 1307 2717 utrique
1330 2631 1499 2718 fugitivus.
1542 2651 1668 2696 memor
1691 2629 1794 2694 nostri
1817 2619 1892 2694 esse

236 2734 380 2821 dignare,
405 2733 658 2821 dominepapa.

1036 2923 1096 2988 XI.

577 3061 790 3131 SIDONIUS
813 3063 995 3131 DOMINO
1018 3063 1168 3130 PAPAE
1191 3064 1309 3130 LUPO
1335 3062 1558 3130 SALUTEM.

183 3219 208 3256 2⁰
345 3183 387 3273 P
388 3231 511 3276 acerna
543 3210 706 3294 libellum,
741 3234 838 3300 quem
873 3234 938 3278 non
971 3212 1013 3278 ad
1042 3234 1101 3278 sos
1131 3214 1237 3299 magis
1269 3233 1365 3299 quam
1396 3235 1456 3298 per
1485 3232 1544 3276 vos
1573 3211 1709 3276 missum
1740 3209 1892 3296 putastis,
1929 3213 1941 3271 1

237 3316 414 3402 epistulam
441 3321 585 3380 vestram
603 3307 683 3383 ¹nou
713 3318 755 3383 ad
783 3339 836 3384 me
867 3318 971 3404 magis
1002 3337 1098 3404 quam
1128 3318 1161 3382 in
1191 3339 1243 3383 me
1273 3317 1428 3403 scriptam
1458 3316 1577 3404 recepi.
1624 3313 1665 3380 sd
1694 3311 1895 3400 exprobrata

235 3419 419 3506 respondeo
443 3439 502 3506 pro
526 3421 693 3506 aequitate
717 3442 847 3498 causae,
871 3443 937 3488 non
960 3442 1019 3509 pro
1042 3422 1243 3506 aequalitate
1267 3421 1455 3486 facundiae·
1492 3439 1689 3506 quamquam
1712 3417 1784 3502 quis
1807 3436 1893 3480 nunc

237 3543 299 3607 ego
323 3525 381 3587 aut
402 3528 545 3609 quantus
566 3525 622 3610 qui
636 3545 736 3612 agere
752 3545 960 3612 praesumam
976 3524 1071 3591 vobis
1088 3525 1325 3611 imputantibus
1340 3525 1569 3590 innocentem?
1605 3522 1756 3607 quocirca
1772 3519 1893 3586 delicto

235 3626 325 3707 huie,
362 3628 695 3715 quantulumcumque
724 3637 791 3710 est,
828 3632 913 3695 inter
943 3630 1105 3716 principia
1134 3629 1306 3696 confestim
1338 3629 1488 3716 supplico
1519 3626 1661 3714 ignosci,
1693 3623 1893 3689 diffidentiae

186 3745 210 3784 2⁵
237 3737 379 3812 tannim,
415 3751 480 3796 non
511 3740 544 3797 et
576 3734 750 3821 superbiae
781 3735 889 3800 fassus
917 3755 1074 3800 errorem.
1119 3754 1194 3799 nam
1227 3754 1301 3799 cum
1332 3732 1412 3797 mihi
1441 3732 1531 3818 rigor
1559 3749 1720 3796 censurae
1752 3733 1829 3794 tuse
1861 3728 1894 3790 in
1926 3731 1945 3790 2

237 3833 356 3900 litteris
384 3843 550 3920 aequent
574 3838 632 3923 (in)
657 3839 802 3904 moribus
827 3839 869 3904 sit
891 3838 1098 3903 ambifariam
1126 3835 1453 3918 contremescendus,
1483 3836 1588 3900 fateor
1610 3838 1721 3899 umen
1744 3831 1777 3898 in
1799 3830 1892 3895 volu-

340 4093 501 4152 bluvsnal.
520 4098 572 4150 sat.
591 4095 628 4162 X,
647 4096 700 4151 248
710 4113 765 4165 sq:
991 4149 992 4152 ,

650 4181 718 4238 felix
736 4183 881 4249 nimirum,
904 4183 953 4252 qui
972 4185 1016 4238 tot
1033 4198 1083 4252 per
1101 4180 1213 4236 saccula
1230 4182 1349 4236 mortem

651 4269 763 4326 distulit
781 4273 866 4340 atque
884 4286 947 4325 suos
966 4269 1023 4323 iam
1041 4268 1139 4322 dextra
1158 4269 1304 4338 computat
1322 4282 1417 4321 annos.

265 4487 276 4515 Β
344 4407 357 4460 l
376 4410 575 4477 clitemplstions
591 4410 616 4462 P
736 4409 753 4462 2
774 4427 866 4480 gressu
887 4411 1039 4478 insequatur
1057 4407 1099 4474 (su
1114 4410 1143 4460 in
1155 4411 1211 4477 fine
1229 4425 1303 4472 uera,
1326 4408 1353 4458 in
1375 4407 1402 4458 in
1420 4423 1473 4458 raa.
1491 4405 1554 4458 cdd.
1573 4405 1606 4456 M
1609 4404 1630 4469 Ι)
1650 4405 1705 4457 MP
1824 4401 1842 4454 3
1859 4405 1895 4454 di-

238 4530 331 4581 dicsris
348 4528 390 4580 F¹
513 4527 530 4581 4
549 4532 610 4583 ἰιιι
626 4528 705 4595 (σοι-ν.
724 4549 754 4583 ex
772 4533 820 4585 ista
838 4532 872 4583 Μ
875 4532 897 4598 ¹)
914 4535 988 4585 dictis
1006 4532 1090 4596 ΜΟΡ,
1112 4532 1187 4583 dictis
1205 4521 1241 4584 ita
1258 4530 1288 4582 F
1398 4526 1415 4580 5
1433 4528 1587 4596 dupplicitsr
1604 4526 1633 4578 F
1708 4542 1789 4578 annos
1808 4543 1856 4577 ons.
1877 4525 1900 4576 C

238 4665 319 4701 annos
341 4657 400 4702 tuos
418 4649 447 4700 F
541 4636 618 4704 dexte
636 4651 665 4703 F
795 4650 812 4704 6
832 4661 891 4704 tuos
913 4651 1054 4716 (studuerit
1074 4648 1122 4717 0¹)
1144 4652 1167 4703 0
1298 4648 1313 4701 7
1337 4651 1479 4703 selecturus
1502 4647 1559 4714 (alt.
1578 4665 1592 4700 e
1610 4665 1677 4699 corr.
1695 4647 1723 4698 in
1741 4647 1750 4697 i
1767 4645 1801 4696 Μ
1804 4645 1826 4712 ¹)
1846 4645 1900 4697 OM

238 4785 294 4822 asso
311 4771 417 4838 dignare
434 4770 535 4824 domins
552 4789 620 4840 papa
637 4789 686 4824 om.
705 4772 728 4823 0
802 4773 907 4840 dignare
925 4773 1026 4824 dominc
1045 4789 1110 4840 papa
1127 4789 1176 4824 cm.
1192 4770 1249 4824 MP
1324 4771 1426 4824 domine
1449 4787 1515 4838 papa
1536 4785 1584 4822 om.
1603 4768 1632 4820 F
1749 4764 1766 4818 9
1788 4767 1897 4818 reddidit

238 4892 328 4958 culpa·
345 4891 442 4944 reddidi
460 4891 565 4944 MOFP
645 4901 706 4960 post
722 4909 792 4946 meas
811 4895 858 4962 leq.
876 4895 923 4947 tibi
941 4894 998 4945 dico
1014 4893 1043 4945 ia
1061 4894 1087 4944 P
1171 4893 1249 4979 michi
1269 4893 1291 4944 0
1351 4967 1356 4979 Ι
1375 4899 1433 4944 tuas
1452 4889 1478 4978 (ιΓ
1481 4890 1556 4972 sordet
1569 4889 1601 4940 Μ
1606 4886 1627 4954 ¹)
1644 4887 1676 4939 Μ
1797 4883 1896 4962 10111-

238 5011 346 5064 turrensi
358 5012 414 5065 Md
479 5013 594 5065 michiG
659 5013 794 5094 ειιίιῑιιΜ1
901 5012 934 5065 12
953 5014 1102 5082 nanqueM
1166 4992 1214 5067 uio
1233 5014 1323 5082 pudori
1340 4993 1573 5090 ultro¹ssnr12.P¹
1679 5006 1712 5060 13
1729 4963 1840 5075 obsequi1
1849 5007 1881 5059 M
1887 5007 1896 5038 ¹

238 5119 373 5185 ooeurrsrs
390 5131 432 5198 (cc
449 5134 476 5185 in
493 5151 548 5185 raa.
566 5133 618 5199 1²¹)
636 5135 662 5185 P
769 5133 803 5187 14
821 5136 904 5188 solatii
923 5135 1005 5187 MFP
1112 5132 1144 5187 15
1162 5091 1429 5187 commendatoris0¹
1542 5128 1574 5182 17
1593 5148 1649 5183 csse
1666 5131 1774 5198 dignare
1795 5130 1897 5182 domins

239 5271 305 5324 popa
322 5253 409 5306 orac*
510 5252 544 5305 18
561 5255 667 5324 dignare
685 5257 787 5309 domine
804 5274 870 5325 papa
888 5275 936 5308 om.
950 5257 1007 5308 ΜΡ
1074 5257 1176 5309 domine
1193 5274 1261 5325 papa
1278 5273 1326 5307 orn.
1340 5255 1369 5306 F
1471 5250 1503 5304 19
1521 5253 1641 5304 Sidonius
1653 5260 1676 5304 et
1688 5251 1797 5304 salutem
1810 5267 1858 5302 cns.
1873 5249 1902 5301 F

237 5371 273 5426 20
291 5331 439 5444 putastisdl
445 5375 453 5406 ¹
558 5372 591 5426 21
611 5376 746 5443 epistulam
763 5393 842 5442 usquc
859 5376 989 5444 adquam
1003 5385 1064 5444 post
1080 5393 1133 5428 ras.
1152 5379 1187 5428 20
1204 5377 1251 5428 litt.
1262 5376 1376 5442 repetivit
1388 5375 1427 5426 1³¹
1493 5371 1669 5441 exprobataO
1763 5367 1798 5421 22
1816 5386 1896 5436 quan-

238 5513 315 5564 quam
333 5496 364 5546 Μ
475 5493 511 5547 24
529 5497 765 5565 quantulocumque
784 5496 813 5548 F
885 5505 924 5550 est
941 5514 961 5548 s.
981 5499 998 5550 l.
1017 5498 1078 5549 add.
1098 5496 1138 5548 P¹
1251 5495 1286 5548 25
1304 5504 1330 5548 et
1347 5473 1440 5548 nonG
1515 5493 1629 5545 michiG
1737 5489 1772 5543 26
1789 5491 1816 5543 in
1835 5491 1897 5542 cdd.

239 5618 298 5670 odie.
314 5617 413 5683 Bareu',
438 5635 486 5669 orn.
503 5617 608 5669 MC'PP
709 5619 801 5670 sittan
824 5618 942 5672 bisarium
965 5615 1057 5682 (ursum
1079 5617 1125 5670 ltus.
1146 5633 1215 5669 eras.
1235 5615 1282 5684 θ’)
1305 5615 1344 5700 0.
1429 5614 1663 5669 contremiscendus
1687 5613 1767 5678 (corr.
1785 5628 1815 5664 aa
1839 5627 1898 5665 ocu-

185 5799 193 5822 .
239 5739 430 5794 trsmssoondus
447 5739 481 5789 Μ
484 5739 505 5808 ¹)
523 5739 627 5794 MOFP
