4560 6434
1019 372 1158 428 RURICII
1177 373 1434 430 EPISTULARUM

1186 702 1264 768 VII.

569 863 748 930 DOMINO
773 861 859 928 SUO
883 860 1130 927 PIIOULIARI
1153 859 1201 924 IN
1225 857 1422 925 OHRISTO
1446 859 1657 926 PATRONO
1684 861 1890 928 BASSULO

994 964 1215 1031 EPISOOPO
1239 962 1465 1029 RURIOIUS.

352 1111 366 1171 1
512 1081 617 1192 Quas
646 1135 698 1180 me
728 1115 863 1201 diligere
893 1121 1008 1181 sancta
1037 1115 1144 1201 pietas
1179 1119 1212 1178 ct
1241 1113 1297 1198 pia
1331 1112 1487 1179 sanctitas
1521 1119 1630 1178 vestra
1663 1114 1826 1200 dignetur,
1861 1114 2053 1180 multimodo

402 1217 549 1305 probatis
573 1219 705 1298 affectu,
729 1218 805 1283 dum
829 1219 971 1304 legenda
993 1217 1214 1283 transmittitis
1238 1222 1271 1282 et
1294 1218 1448 1302 neglecta
1469 1219 1639 1305 corrigitis,
1664 1218 1871 1284 dilectionem
1888 1217 2054 1304 diligendo
2096 1233 2109 1272 ⁵

350 1325 370 1385 2
403 1322 587 1408 provocatis
615 1328 648 1388 et
675 1320 761 1408 quod
789 1320 988 1408 praedicatis
1012 1321 1122 1386 verbis
1151 1319 1273 1385 docetis
1303 1321 1473 1407 exemplis.
1519 1321 1750 1407 sedquoniam
1775 1328 2054 1388 semenrestrum

402 1424 435 1489 in
459 1431 546 1490 terra
569 1425 671 1491 sterili
695 1431 728 1490 et
750 1425 888 1490 dumosa
910 1446 975 1489 non
1002 1425 1142 1510 proficit,
1172 1430 1286 1511 utpote
1310 1424 1396 1510 quod
1420 1424 1567 1491 sentibus
1592 1425 1920 1512 supercrescentibus
1952 1425 2053 1492 sulfo-

403 1535 505 1610 catur,
533 1551 575 1595 ne
598 1530 682 1595 sicut
703 1528 939 1593 infructuosam
963 1527 1052 1592 illam
1080 1528 1254 1593 ficulneam
1282 1550 1335 1593 me
1362 1529 1475 1594 iubeat
1502 1527 1651 1594 domiuus
1675 1530 1806 1610 vineae,
1837 1549 1932 1615 quem
1963 1534 2053 1594 tanto

403 1638 551 1719 tempore
579 1634 776 1719 nequiquam
806 1639 993 1720 exspectat,
1030 1630 1170 1711 abscidi,
1202 1653 1260 1697 vos
1290 1633 1486 1698 severiorem
1522 1632 1717 1700 sententiam
1754 1633 1878 1699 orando
1912 1633 2053 1712 differte,

403 1735 507 1801 donec
530 1735 698 1802 doetrinae
721 1744 852 1802 vestrae
875 1737 1075 1824 pinguedine
1100 1747 1266 1823 tamquam
1289 1743 1435 1801 stercore
1458 1737 1640 1803 amaritudo
1661 1737 1861 1803 infructuosa
1877 1737 2054 1805 dulcescat.
2083 1752 2109 1791 1⁰

352 1843 371 1905 3
404 1839 463 1907 sed
491 1841 640 1926 quoniam
670 1842 743 1929 plus
771 1849 847 1907 sunt
878 1841 964 1928 apud
994 1863 1046 1906 me
1074 1840 1194 1906 delicta
1222 1862 1320 1927 quarn
1343 1842 1444 1906 verba
1475 1863 1535 1908 nec
1559 1863 1692 1930 possum
1714 1842 1802 1907 facta
1825 1842 1959 1928 expiare
1983 1863 2052 1908 ser-

403 1944 568 2026 monibus,
605 1944 797 2031 obsequium
827 1947 935 2011 saltim
967 1944 1145 2031 epistulare
1174 1944 1324 2031 dependo
1353 1952 1388 2011 et
1419 1945 1552 2027 librum,
1587 1967 1684 2032 quem
1715 1945 1967 2032 praestiteratis,
2001 1967 2054 2010 me

403 2047 570 2113 remisisse
595 2049 743 2132 significo
767 2049 933 2135 aliumque
957 2049 1135 2114 identidem
1156 2055 1310 2136 restrum,
1335 2051 1362 2114 si
1385 2050 1451 2115 iam
1474 2051 1681 2115 necessarius
1704 2055 1852 2130 nonest,
1878 2070 1973 2135 spero
1996 2071 2055 2136 per

352 2159 371 2219 4
402 2152 589 2237 portitorem
606 2152 721 2216 harum
738 2153 870 2218 remitti.
908 2153 1045 2218 valeatis
1062 2153 1235 2240 simulque,
1260 2155 1287 2218 si
1303 2155 1444 2241 propitio
1461 2155 1522 2220 deo
1539 2155 1580 2220 ad
1597 2155 1849 2220 sollemnitatem
1867 2159 2054 2218 sanctorum

405 2254 559 2321 Gurdone
583 2257 711 2321 venturi
735 2257 816 2338 sitis,
839 2279 891 2322 me
913 2257 1157 2323 recurrentibus
1180 2259 1264 2324 scire
1288 2259 1428 2324 faciatis.
2084 2271 2109 2310 ¹³

1181 2604 1276 2672 VIII.

475 2758 653 2825 DOMINO
678 2757 764 2823 SUO
789 2756 1035 2822 PFIOULIARI
1058 2756 1107 2821 IN
1131 2755 1339 2838 CHRISTO,
1362 2758 1540 2824 DOMINO
1564 2757 1777 2824 PATRONO
1803 2757 1988 2823 SIDONIO

1000 2860 1220 2928 EPISOOPO
1243 2861 1468 2930 RURIOIUS.

359 3006 371 3066 f
512 2985 783 3077 Pnsnnrcm'rrsus
807 3011 917 3092 vobis,
942 3011 1074 3097 saepius
1098 2995 1228 3076 audisse
1251 3031 1303 3076 me
1326 3013 1449 3094 recolo,
1472 3012 1657 3077 nullatenus
1679 3011 1721 3076 ab
1746 3010 1973 3096 iniquitatibus
1998 3030 2057 3074 nos

407 3135 504 3201 posse
526 3116 676 3202 purgari,
704 3116 766 3180 nisi
789 3115 947 3180 fuerimus
971 3115 1107 3180 crimina
1128 3122 1253 3198 nostra,
1278 3117 1480 3181 conscientia
1504 3121 1760 3202 compungente,
1790 3113 1940 3178 confessi.
1986 3113 2057 3208 quis
2085 3127 2111 3167 2⁰

408 3221 510 3301 euim,
539 3241 605 3284 non
633 3219 739 3284 dicam
767 3220 937 3304 consequi,
975 3218 1033 3284 sed
1063 3220 1115 3284 vel
1147 3240 1304 3304 quaerere
1335 3225 1433 3305 queat
1462 3219 1713 3306 indulgentiam,
1748 3219 1809 3283 nisi
1839 3216 2057 3304 deplorationi

407 3323 645 3388 confessionem
682 3323 801 3388 erroris
841 3323 1011 3409 adiungat,
1051 3324 1128 3408 quia
1163 3345 1255 3388 error
1291 3323 1542 3410 indulgentiam,
1584 3345 1649 3387 non
1683 3322 1884 3409 indulgentia
1923 3321 2058 3406 requirit

356 3432 376 3492 2
408 3433 571 3492 errorem?
617 3426 704 3513 quod
734 3449 794 3513 ego
823 3426 918 3492 valde
949 3448 1063 3492 verum
1092 3448 1165 3492 cese
1198 3448 1418 3513 cognoscens,
1449 3427 1577 3492 facinus
1607 3449 1716 3492 meum
1743 3448 1848 3513 nuper
1878 3425 2058 3490 admissum

408 3531 523 3619 pietati
545 3537 675 3597 vestrae
700 3531 843 3596 indicare
866 3553 930 3596 non
953 3531 1083 3612 distuli,
1114 3551 1155 3595 ne
1184 3530 1271 3618 quod
1297 3532 1394 3597 modo
1423 3531 1581 3618 prodente
1609 3552 1662 3597 me
1695 3538 1823 3617 spectat
1852 3531 2056 3610 adveniam,

408 3643 537 3702 tacente
560 3636 765 3724 postmodum
788 3637 967 3724 pertineret
989 3635 1029 3699 ad
1053 3635 1191 3721 culpam.
1231 3634 1290 3700 sed
1313 3636 1377 3699 iam
1394 3636 1502 3721 ipsum
1518 3634 1628 3699 dolum
1644 3635 1837 3721 proferimus
1854 3635 1887 3699 in
1903 3633 2055 3699 medium.
2084 3644 2109 3684 ²⁵

358 3745 376 3805 3
409 3741 485 3805 furti
500 3763 553 3806 me
570 3741 664 3805 vobis
686 3763 779 3806 reum
803 3747 910 3806 statuo
933 3747 967 3805 et
990 3738 1174 3826 depositum
1190 3747 1337 3805 vestrum
1361 3762 1422 3822 me,
1446 3740 1671 3825 ignorantibus
1687 3739 1792 3820 vobis,
1816 3738 1938 3803 inlicite
1962 3758 2055 3824 prae-

409 3846 589 3931 sumpsIsse
612 3845 796 3932 pronuntio.
841 3844 926 3929 quod
949 3851 985 3907 ut
1012 3851 1121 3909 tamen
1150 3845 1400 3925 committerem,
1431 3844 1638 3909 occasibnem
1665 3841 1874 3930 perpetrandi
1903 3839 2056 3906 facinoris

358 3955 376 4014 4
410 3957 468 4013 vos
491 3946 637 4026 dedistis,
660 3953 717 4011 aut
738 3955 938 4034 temptantes
955 3947 1108 4035 cupidum
1124 3956 1180 4012 aut
1196 3947 1360 4013 indoctum
1377 3948 1505 4013 erudire
1523 3948 1703 4034 cupientes.
1741 3947 1885 4014 codicem
1906 3966 2055 4031 namque,

409 4074 506 4139 quem
529 4051 569 4116 dc
594 4053 692 4116 fratre
715 4072 789 4116 meo
812 4052 949 4117 Leontio
972 4073 1024 4116 me
1053 4052 1201 4138 recipere
1230 4051 1413 4131 iusseratis,
1444 4052 1649 4115 transtulisse
1678 4071 1729 4115 me
1756 4051 1873 4116 fateor.
1918 4048 2056 4136 quodsi

358 4159 377 4219 5
409 4155 571 4242 probatis,
601 4155 776 4241 ignoscite;
810 4157 837 4219 si
865 4155 1048 4242 imputatis,
1076 4155 1260 4240 agnoscite,
1289 4155 1366 4240 quia
1394 4155 1591 4219 confessioni
1614 4155 1760 4240 querella
1783 4156 1935 4221 sociatur.
1980 4174 2055 4218 narn
2084 4166 2110 4204 ³⁰

409 4258 547 4345 primum
571 4265 607 4323 ut
630 4279 704 4323 eum
727 4259 872 4344 legerem
897 4259 1050 4322 voluntas
1074 4257 1217 4343 impulit;
1249 4257 1365 4323 deiude
1388 4258 1443 4322 ille
1466 4264 1502 4324 ut
1525 4259 1756 4324 transferretur
1787 4259 1937 4326 extorsit.
1982 4278 2057 4321 nam

410 4384 483 4427 curu
507 4363 547 4428 dc
570 4361 711 4449 dapibus
734 4363 838 4449 ipsius
862 4362 968 4429 adhue
991 4384 1096 4450 pauca
1117 4363 1283 4442 libassem,
1313 4364 1422 4428 taliter
1445 4385 1496 4429 mc
1520 4370 1619 4450 gustu
1641 4364 1834 4430 inlecebrosi
1857 4364 1983 4450 saporis
2007 4363 2056 4427 in-

408 4468 501 4547 lexit,
525 4473 560 4532 ut
576 4468 671 4553 primi
687 4467 826 4554 quodam
842 4468 938 4533 modo
955 4468 1098 4555 parentis
1118 4467 1272 4548 imitator,
1290 4467 1419 4532 domiuo
1437 4475 1574 4554 repente
1592 4474 1790 4555 contempto,
1814 4467 1855 4533 ad
1873 4467 2057 4532 satietatem

409 4571 588 4638 studuerim
611 4572 783 4658 pervenire
807 4573 975 4659 magisque
999 4572 1169 4637 consilium
1188 4571 1355 4638 suadentis
1373 4594 1469 4658 quam
1486 4573 1657 4658 imperium
1673 4572 1870 4637 dominantis
1887 4569 2055 4635 audierim.

357 4680 376 4741 6
408 4698 484 4742 nam
507 4683 544 4741 ut
565 4675 675 4742 omnia
697 4677 840 4762 pectoris
864 4677 928 4740 mei
950 4698 1070 4740 arcana
1092 4676 1310 4754 manifestem,
1333 4675 1468 4741 videbar
1490 4678 1570 4741 milri
1594 4678 1668 4742 libri
1691 4678 1792 4764 ipsius
1813 4675 1915 4741 verba
1939 4674 2056 4739 adhor—
2085 4686 2110 4724 ³⁵

412 4782 511 4846 tantis
540 4780 668 4845 audire:
700 4780 777 4866 quid
801 4767 932 4855 cessas,
962 4782 1105 4866 iugrate,
1136 4781 1212 4866 quid
1241 4781 1391 4846 dubitas?
1438 4782 1524 4845 nosti
1556 4803 1636 4867 erga
1666 4785 1698 4846 tc
1727 4780 1907 4845 communis
1934 4778 2057 4843 domini

512 5043 529 5096 8
546 5041 647 5096 Matth.
667 5041 740 5107 XXI,
760 5042 801 5096 19.

512 5200 529 5252 4
553 5197 606 5268 pis]
624 5198 704 5268 piftas
723 5196 750 5251 G
871 5201 888 5251 5
911 5201 1029 5252 affectum
1051 5197 1076 5250 G
1197 5197 1281 5266 ique
1303 5200 1425 5251 sentibus
1445 5196 1495 5265 G¹,
1518 5200 1702 5266 quassantibus
1722 5195 1764 5248 G¹
1885 5197 2014 5249 Odsserte
2034 5189 2060 5244 G

411 5287 444 5340 10
461 5285 600 5352 doetrinae]
619 5288 635 5338 d
652 5287 681 5338 irs
698 5305 751 5338 ras.
772 5284 798 5338 G
884 5287 1010 5355 pinguius
1030 5283 1056 5337 G
1146 5283 1266 5352 stercore]
1285 5286 1385 5351 scripsi,
1406 5293 1472 5337 stare
1492 5282 1525 5348 G,
1547 5293 1630 5337 terrae
1650 5285 1767 5334 Gorsisirss
1897 5282 1928 5334 13
1945 5289 2060 5334 uestrum

409 5376 432 5426 si
449 5373 509 5442 iam]
523 5375 623 5442 scripsi,
641 5381 756 5427 uestrum
775 5375 847 5426 silam
860 5371 894 5437 G,
911 5375 1004 5426 uestris
1022 5373 1112 5425 usibus
1131 5389 1202 5424 nunc
1215 5371 1333 5424 stantius
1431 5371 1464 5424 14
1481 5369 1598 5438 ualeatis]
1611 5373 1711 5438 scripsi,
1727 5367 1873 5423 iubeatisG
1949 5423 1950 5426 ,
1971 5367 2002 5420 15
2020 5385 2060 5419 me

409 5459 612 5528 recurrentibus]
630 5463 688 5512 ium
701 5462 775 5529 infra
788 5459 830 5524 II,
842 5467 875 5513 44
975 5460 1007 5512 16
1025 5459 1097 5528 VIII]
1116 5459 1222 5511 Ruricio
1236 5458 1359 5511 Sidonius
1370 5477 1408 5525 ep.
1420 5460 1437 5509 1
1443 5459 1471 5523 V,
1484 5464 1522 5523 16,
1538 5477 1620 5526 supro
1627 5477 1657 5524 p.
1669 5462 1702 5509 67
1712 5457 1843 5524 respondit
1939 5455 1975 5507 20
1991 5451 2059 5521 quis]

408 5549 509 5614 scripsi,
525 5549 628 5615 quiquis
647 5545 673 5599 G
787 5546 822 5599 22
839 5546 1008 5616 indulgentia]
1026 5547 1214 5615 indulgentiam
1234 5542 1260 5598 G
1378 5544 1414 5598 23
1431 5563 1517 5598 rerum
1536 5541 1562 5596 G
1672 5541 1707 5594 24
1724 5545 1846 5611 prodente
1864 5539 1914 5608 ms]
1935 5541 2062 5602 Geraistos,

409 5637 534 5703 prudenti
549 5631 576 5687 G
679 5633 713 5687 28
731 5652 802 5700 suos,
820 5652 874 5685 ras.
892 5631 945 5686 sG
1014 5635 1143 5687 dedicistls
1156 5630 1183 5686 G
1251 5630 1306 5699 aut]
1325 5639 1337 5683 t
1354 5650 1374 5683 s.
1388 5633 1406 5684 t.
1420 5627 1462 5684 G¹
1532 5639 1577 5683 out
1594 5631 1726 5690 inductu.m
1741 5626 1767 5680 G
1870 5623 2061 5680 291eoneioG

409 5721 444 5774 33
461 5718 629 5774 imitaturG¹
726 5719 760 5772 34
777 5718 969 5774 suadentesG¹
1062 5719 1097 5772 35
1113 5721 1188 5773 istius
1206 5739 1274 5773 corr.
1291 5720 1372 5788 ipsius
1386 5715 1428 5771 G¹
1522 5717 1556 5770 36
1573 5714 1727 5785 ingrataeG
1785 5713 1896 5782 dubitas]
1915 5718 1932 5768 b
1949 5733 1968 5767 s.
1986 5717 2003 5767 l.
2018 5711 2061 5766 6¹
