<?xml version="1.0" encoding="UTF-8"?>
<!DOCTYPE html PUBLIC "-//W3C//DTD XHTML 1.0 Transitional//EN"
    "http://www.w3.org/TR/xhtml1/DTD/xhtml1-transitional.dtd">
<html xmlns="http://www.w3.org/1999/xhtml" xml:lang="en" lang="en">
 <head>
  <title>
</title>
<meta http-equiv="Content-Type" content="text/html;charset=utf-8" />
  <meta name='ocr-system' content='tesseract 3.04.00' />
  <meta name='ocr-capabilities' content='ocr_page ocr_carea ocr_par ocr_line ocrx_word'/>
</head>
<body>
  <div class='ocr_page' id='page_1' title='image "./monumentagerman03mittgoog/monumentagerman03mittgoog_0431.png"; bbox 0 0 4560 6434; ppageno 0'>
   <div class='ocr_carea' id='block_1_1' title="bbox 455 398 1486 462">
    <p class='ocr_par' dir='ltr' id='par_1_1' title="bbox 455 398 1486 462">
     <span class='ocr_line' id='line_1_1' title="bbox 455 398 1486 462; baseline -0.005 -1"><span class='ocrx_word' id='word_1_1' title='bbox 455 400 516 462; x_wconf 85' lang='grc'><strong>344</strong></span> <span class='ocrx_word' id='word_1_2' title='bbox 1071 398 1210 456; x_wconf 84' lang='lat' dir='ltr'>RURlClI</span> <span class='ocrx_word' id='word_1_3' title='bbox 1227 399 1486 457; x_wconf 80' lang='lat' dir='ltr'>EPISTULARUM</span> 
     </span>
    </p>
   </div>
   <div class='ocr_carea' id='block_1_2' title="bbox 268 565 2166 1599">
    <p class='ocr_par' dir='ltr' id='par_1_2' title="bbox 268 565 2108 977">
     <span class='ocr_line' id='line_1_2' title="bbox 268 565 2108 662; baseline 0.003 -25"><span class='ocrx_word' id='word_1_4' title='bbox 268 609 269 612; x_wconf 32' lang='lat'>¹</span> <span class='ocrx_word' id='word_1_5' title='bbox 366 565 399 637; x_wconf 91' lang='lat' dir='ltr'><em>G</em></span> <span class='ocrx_word' id='word_1_6' title='bbox 452 572 640 658; x_wconf 84' lang='lat' dir='ltr'>priusquam</span> <span class='ocrx_word' id='word_1_7' title='bbox 678 578 827 657; x_wconf 81' lang='lat' dir='ltr'>rogetur,</span> <span class='ocrx_word' id='word_1_8' title='bbox 867 578 901 637; x_wconf 91' lang='lat' dir='ltr'>et</span> <span class='ocrx_word' id='word_1_9' title='bbox 939 579 1084 638; x_wconf 89' lang='lat' dir='ltr'>nostrum</span> <span class='ocrx_word' id='word_1_10' title='bbox 1126 595 1364 662; x_wconf 87' lang='lat' dir='ltr'>praeoccupare</span> <span class='ocrx_word' id='word_1_11' title='bbox 1405 576 1632 641; x_wconf 81' lang='lat' dir='ltr'>benevolentia</span> <span class='ocrx_word' id='word_1_12' title='bbox 1673 596 1733 640; x_wconf 83' lang='lat' dir='ltr'>sua</span> <span class='ocrx_word' id='word_1_13' title='bbox 1771 577 1905 643; x_wconf 83' lang='lat' dir='ltr'>festinat</span> <span class='ocrx_word' id='word_1_14' title='bbox 1943 579 2108 654; x_wconf 69' lang='lat' dir='ltr'>officium</span> 
     </span>
     <span class='ocr_line' id='line_1_3' title="bbox 378 675 2108 768; baseline 0.005 -30"><span class='ocrx_word' id='word_1_15' title='bbox 378 732 384 738; x_wconf 91' lang='lat'><strong><em>.</em></strong></span> <span class='ocrx_word' id='word_1_16' title='bbox 454 675 529 739; x_wconf 90' lang='lat' dir='ltr'>dum</span> <span class='ocrx_word' id='word_1_17' title='bbox 560 697 623 740; x_wconf 93' lang='lat' dir='ltr'>non</span> <span class='ocrx_word' id='word_1_18' title='bbox 653 677 759 741; x_wconf 89' lang='lat' dir='ltr'>solum</span> <span class='ocrx_word' id='word_1_19' title='bbox 791 676 970 758; x_wconf 87' lang='lat' dir='ltr'>custodire,</span> <span class='ocrx_word' id='word_1_20' title='bbox 1004 699 1115 743; x_wconf 87' lang='lat' dir='ltr'>verum</span> <span class='ocrx_word' id='word_1_21' title='bbox 1150 678 1248 744; x_wconf 91' lang='lat' dir='ltr'>etiam</span> <span class='ocrx_word' id='word_1_22' title='bbox 1282 701 1402 765; x_wconf 91' lang='lat' dir='ltr'>augere</span> <span class='ocrx_word' id='word_1_23' title='bbox 1434 681 1547 744; x_wconf 90' lang='lat' dir='ltr'>initum</span> <span class='ocrx_word' id='word_1_24' title='bbox 1577 680 1640 745; x_wconf 88' lang='lat' dir='ltr'>sibi</span> <span class='ocrx_word' id='word_1_25' title='bbox 1668 682 1768 764; x_wconf 90' lang='lat' dir='ltr'>gestit</span> <span class='ocrx_word' id='word_1_26' title='bbox 1800 683 1968 764; x_wconf 85' lang='lat' dir='ltr'>affectum,</span> <span class='ocrx_word' id='word_1_27' title='bbox 2007 704 2108 768; x_wconf 91' lang='lat' dir='ltr'>quem</span> 
     </span>
     <span class='ocr_line' id='line_1_4' title="bbox 404 779 2107 869; baseline 0.004 -25"><span class='ocrx_word' id='word_1_28' title='bbox 404 785 423 844; x_wconf 85' lang='lat'><strong>2</strong></span> <span class='ocrx_word' id='word_1_29' title='bbox 456 779 576 845; x_wconf 89' lang='lat' dir='ltr'>idcirco</span> <span class='ocrx_word' id='word_1_30' title='bbox 599 781 768 846; x_wconf 88' lang='lat' dir='ltr'>beneficiis</span> <span class='ocrx_word' id='word_1_31' title='bbox 790 781 999 868; x_wconf 83' lang='lat' dir='ltr'>anticipando</span> <span class='ocrx_word' id='word_1_32' title='bbox 1023 783 1189 863; x_wconf 89' lang='lat' dir='ltr'>laetificat,</span> <span class='ocrx_word' id='word_1_33' title='bbox 1213 783 1289 869; x_wconf 91' lang='lat' dir='ltr'>quia</span> <span class='ocrx_word' id='word_1_34' title='bbox 1310 783 1352 848; x_wconf 90' lang='lat' dir='ltr'>ad</span> <span class='ocrx_word' id='word_1_35' title='bbox 1375 783 1538 849; x_wconf 89' lang='lat' dir='ltr'>modicum</span> <span class='ocrx_word' id='word_1_36' title='bbox 1563 785 1755 850; x_wconf 88' lang='lat' dir='ltr'>contristare</span> <span class='ocrx_word' id='word_1_37' title='bbox 1779 787 1940 852; x_wconf 81' lang='lat' dir='ltr'>formidat.</span> <span class='ocrx_word' id='word_1_38' title='bbox 1979 793 2014 851; x_wconf 91' lang='lat' dir='ltr'>et</span> <span class='ocrx_word' id='word_1_39' title='bbox 2030 785 2107 850; x_wconf 92' lang='lat' dir='ltr'>ideo</span> 
     </span>
     <span class='ocr_line' id='line_1_5' title="bbox 454 885 2104 977; baseline 0.004 -29"><span class='ocrx_word' id='word_1_40' title='bbox 454 885 578 950; x_wconf 87' lang='lat' dir='ltr'>mavult</span> <span class='ocrx_word' id='word_1_41' title='bbox 600 885 718 950; x_wconf 84' lang='lat' dir='ltr'>offerre</span> <span class='ocrx_word' id='word_1_42' title='bbox 741 887 862 952; x_wconf 90' lang='lat' dir='ltr'>tacenti</span> <span class='ocrx_word' id='word_1_43' title='bbox 886 887 1024 972; x_wconf 90' lang='lat' dir='ltr'>gratiam</span> <span class='ocrx_word' id='word_1_44' title='bbox 1048 909 1144 974; x_wconf 89' lang='lat' dir='ltr'>quam</span> <span class='ocrx_word' id='word_1_45' title='bbox 1168 894 1337 973; x_wconf 88' lang='lat' dir='ltr'>praestare</span> <span class='ocrx_word' id='word_1_46' title='bbox 1359 889 1519 973; x_wconf 89' lang='lat' dir='ltr'>poscenti,</span> <span class='ocrx_word' id='word_1_47' title='bbox 1549 889 1657 954; x_wconf 91' lang='lat' dir='ltr'>sciens</span> <span class='ocrx_word' id='word_1_48' title='bbox 1680 890 1793 975; x_wconf 91' lang='lat' dir='ltr'>procul</span> <span class='ocrx_word' id='word_1_49' title='bbox 1822 889 1936 970; x_wconf 89' lang='lat' dir='ltr'>dubio,</span> <span class='ocrx_word' id='word_1_50' title='bbox 1963 891 2040 977; x_wconf 88' lang='lat' dir='ltr'>plus</span> <span class='ocrx_word' id='word_1_51' title='bbox 2070 891 2104 954; x_wconf 93' lang='lat' dir='ltr'>in</span> 
     </span>
    </p>

    <p class='ocr_par' dir='ltr' id='par_1_3' title="bbox 403 989 2162 1495">
     <span class='ocr_line' id='line_1_6' title="bbox 455 989 2162 1079; baseline 0.002 -25"><span class='ocrx_word' id='word_1_52' title='bbox 455 1011 493 1054; x_wconf 92' lang='lat' dir='ltr'>eo</span> <span class='ocrx_word' id='word_1_53' title='bbox 517 1010 591 1053; x_wconf 90' lang='lat' dir='ltr'>esse</span> <span class='ocrx_word' id='word_1_54' title='bbox 614 989 737 1069; x_wconf 86' lang='lat' dir='ltr'>meriti,</span> <span class='ocrx_word' id='word_1_55' title='bbox 767 989 852 1075; x_wconf 91' lang='lat' dir='ltr'>quod</span> <span class='ocrx_word' id='word_1_56' title='bbox 876 997 1059 1077; x_wconf 89' lang='lat' dir='ltr'>spontanea</span> <span class='ocrx_word' id='word_1_57' title='bbox 1081 991 1284 1076; x_wconf 80' lang='lat' dir='ltr'>benignitate</span> <span class='ocrx_word' id='word_1_58' title='bbox 1307 989 1463 1071; x_wconf 84' lang='lat' dir='ltr'>defertur,</span> <span class='ocrx_word' id='word_1_59' title='bbox 1493 1014 1589 1078; x_wconf 91' lang='lat' dir='ltr'>quam</span> <span class='ocrx_word' id='word_1_60' title='bbox 1612 993 1699 1078; x_wconf 91' lang='lat' dir='ltr'>quod</span> <span class='ocrx_word' id='word_1_61' title='bbox 1722 993 1875 1079; x_wconf 77' lang='lat' dir='ltr'>precibus</span> <span class='ocrx_word' id='word_1_62' title='bbox 1898 993 2107 1079; x_wconf 88' lang='lat' dir='ltr'>indulgetur;</span> <span class='ocrx_word' id='word_1_63' title='bbox 2150 1008 2162 1044; x_wconf 99' lang='grc'><strong>5</strong></span> 
     </span>
     <span class='ocr_line' id='line_1_7' title="bbox 455 1091 2107 1185; baseline 0.001 -27"><span class='ocrx_word' id='word_1_64' title='bbox 455 1091 615 1178; x_wconf 90' lang='lat' dir='ltr'>siquidem</span> <span class='ocrx_word' id='word_1_65' title='bbox 637 1094 752 1158; x_wconf 88' lang='lat' dir='ltr'>horum</span> <span class='ocrx_word' id='word_1_66' title='bbox 775 1115 875 1158; x_wconf 87' lang='lat' dir='ltr'>unum</span> <span class='ocrx_word' id='word_1_67' title='bbox 898 1115 963 1159; x_wconf 95' lang='lat' dir='ltr'>non</span> <span class='ocrx_word' id='word_1_68' title='bbox 986 1095 1049 1159; x_wconf 89' lang='lat' dir='ltr'>nisi</span> <span class='ocrx_word' id='word_1_69' title='bbox 1071 1096 1268 1160; x_wconf 90' lang='lat' dir='ltr'>necessitate</span> <span class='ocrx_word' id='word_1_70' title='bbox 1291 1093 1387 1160; x_wconf 89' lang='lat' dir='ltr'>datur</span> <span class='ocrx_word' id='word_1_71' title='bbox 1408 1097 1653 1175; x_wconf 80' lang='lat' dir='ltr'>necessitudini,</span> <span class='ocrx_word' id='word_1_72' title='bbox 1677 1096 1766 1161; x_wconf 93' lang='lat' dir='ltr'>aliud</span> <span class='ocrx_word' id='word_1_73' title='bbox 1781 1119 1859 1163; x_wconf 87' lang='lat' dir='ltr'>vero</span> <span class='ocrx_word' id='word_1_74' title='bbox 1882 1119 1982 1185; x_wconf 86' lang='lat' dir='ltr'>saepe</span> <span class='ocrx_word' id='word_1_75' title='bbox 2004 1098 2107 1162; x_wconf 89' lang='lat' dir='ltr'>ctiam</span> 
     </span>
     <span class='ocr_line' id='line_1_8' title="bbox 403 1195 2109 1288; baseline 0.002 -29"><span class='ocrx_word' id='word_1_76' title='bbox 403 1199 422 1259; x_wconf 87' lang='lat'><strong>3</strong></span> <span class='ocrx_word' id='word_1_77' title='bbox 454 1197 630 1282; x_wconf 89' lang='lat' dir='ltr'>precatoris</span> <span class='ocrx_word' id='word_1_78' title='bbox 654 1195 788 1262; x_wconf 90' lang='lat' dir='ltr'>sedulae</span> <span class='ocrx_word' id='word_1_79' title='bbox 817 1196 990 1263; x_wconf 88' lang='lat' dir='ltr'>dimittitur</span> <span class='ocrx_word' id='word_1_80' title='bbox 1020 1199 1227 1285; x_wconf 88' lang='lat' dir='ltr'>improbitati.</span> <span class='ocrx_word' id='word_1_81' title='bbox 1271 1199 1358 1265; x_wconf 93' lang='lat' dir='ltr'>unde</span> <span class='ocrx_word' id='word_1_82' title='bbox 1389 1201 1480 1265; x_wconf 91' lang='lat' dir='ltr'>salve</span> <span class='ocrx_word' id='word_1_83' title='bbox 1510 1202 1711 1287; x_wconf 89' lang='lat' dir='ltr'>reciprocum</span> <span class='ocrx_word' id='word_1_84' title='bbox 1738 1201 1868 1282; x_wconf 90' lang='lat' dir='ltr'>dicens,</span> <span class='ocrx_word' id='word_1_85' title='bbox 1901 1200 1942 1266; x_wconf 92' lang='lat' dir='ltr'>dc</span> <span class='ocrx_word' id='word_1_86' title='bbox 1970 1201 2109 1288; x_wconf 89' lang='lat' dir='ltr'>pietatis</span> 
     </span>
     <span class='ocr_line' id='line_1_9' title="bbox 456 1303 2109 1392; baseline 0.002 -28"><span class='ocrx_word' id='word_1_87' title='bbox 456 1307 582 1367; x_wconf 89' lang='lat' dir='ltr'>vestrae</span> <span class='ocrx_word' id='word_1_88' title='bbox 613 1303 829 1389; x_wconf 81' lang='lat' dir='ltr'>promissione</span> <span class='ocrx_word' id='word_1_89' title='bbox 857 1326 991 1368; x_wconf 87' lang='lat' dir='ltr'>securus</span> <span class='ocrx_word' id='word_1_90' title='bbox 1020 1305 1165 1390; x_wconf 90' lang='lat' dir='ltr'>puellam</span> <span class='ocrx_word' id='word_1_91' title='bbox 1188 1310 1331 1369; x_wconf 86' lang='lat' dir='ltr'>vestram</span> <span class='ocrx_word' id='word_1_92' title='bbox 1363 1305 1396 1368; x_wconf 94' lang='lat' dir='ltr'>in</span> <span class='ocrx_word' id='word_1_93' title='bbox 1423 1326 1493 1369; x_wconf 92' lang='lat' dir='ltr'>rem</span> <span class='ocrx_word' id='word_1_94' title='bbox 1516 1304 1649 1370; x_wconf 88' lang='lat' dir='ltr'>directis</span> <span class='ocrx_word' id='word_1_95' title='bbox 1673 1306 1782 1392; x_wconf 92' lang='lat' dir='ltr'>pueris</span> <span class='ocrx_word' id='word_1_96' title='bbox 1806 1305 1926 1370; x_wconf 87' lang='lat' dir='ltr'>vestris</span> <span class='ocrx_word' id='word_1_97' title='bbox 1949 1305 2003 1368; x_wconf 86' lang='lat' dir='ltr'>me</span> <span class='ocrx_word' id='word_1_98' title='bbox 2027 1325 2109 1368; x_wconf 92' lang='lat' dir='ltr'>con-</span> 
     </span>
     <span class='ocr_line' id='line_1_10' title="bbox 456 1405 2109 1495; baseline 0.001 -25"><span class='ocrx_word' id='word_1_99' title='bbox 456 1405 604 1491; x_wconf 85' lang='lat' dir='ltr'>signasse</span> <span class='ocrx_word' id='word_1_100' title='bbox 631 1406 793 1492; x_wconf 88' lang='lat' dir='ltr'>significo,</span> <span class='ocrx_word' id='word_1_101' title='bbox 825 1409 879 1472; x_wconf 93' lang='lat' dir='ltr'>cui</span> <span class='ocrx_word' id='word_1_102' title='bbox 906 1408 1032 1473; x_wconf 88' lang='lat' dir='ltr'>confido</span> <span class='ocrx_word' id='word_1_103' title='bbox 1060 1408 1146 1492; x_wconf 93' lang='lat' dir='ltr'>quod</span> <span class='ocrx_word' id='word_1_104' title='bbox 1174 1409 1266 1473; x_wconf 86' lang='lat' dir='ltr'>iuxta</span> <span class='ocrx_word' id='word_1_105' title='bbox 1295 1408 1561 1495; x_wconf 88' lang='lat' dir='ltr'>pollicitationem</span> <span class='ocrx_word' id='word_1_106' title='bbox 1591 1417 1733 1475; x_wconf 89' lang='lat' dir='ltr'>vestram</span> <span class='ocrx_word' id='word_1_107' title='bbox 1761 1411 1951 1474; x_wconf 85' lang='lat' dir='ltr'>nouaclum</span> <span class='ocrx_word' id='word_1_108' title='bbox 1974 1409 2109 1474; x_wconf 88' lang='lat' dir='ltr'>veniam</span> 
     </span>
    </p>

    <p class='ocr_par' dir='ltr' id='par_1_4' title="bbox 455 1509 2166 1599">
     <span class='ocr_line' id='line_1_11' title="bbox 455 1509 2166 1599; baseline 0.004 -26"><span class='ocrx_word' id='word_1_109' title='bbox 455 1509 513 1574; x_wconf 92' lang='lat' dir='ltr'>sed</span> <span class='ocrx_word' id='word_1_110' title='bbox 537 1511 636 1576; x_wconf 89' lang='lat' dir='ltr'>etiam</span> <span class='ocrx_word' id='word_1_111' title='bbox 658 1512 798 1597; x_wconf 89' lang='lat' dir='ltr'>gratiam</span> <span class='ocrx_word' id='word_1_112' title='bbox 821 1535 878 1599; x_wconf 90' lang='lat' dir='ltr'>pro</span> <span class='ocrx_word' id='word_1_113' title='bbox 902 1518 1015 1578; x_wconf 87' lang='lat' dir='ltr'>nostra</span> <span class='ocrx_word' id='word_1_114' title='bbox 1037 1513 1275 1578; x_wconf 87' lang='lat' dir='ltr'>intercessione</span> <span class='ocrx_word' id='word_1_115' title='bbox 1299 1513 1463 1578; x_wconf 87' lang='lat' dir='ltr'>tribuatis.</span> <span class='ocrx_word' id='word_1_116' title='bbox 2140 1526 2166 1563; x_wconf 87' lang='lat'>¹⁰</span> 
     </span>
    </p>
   </div>
   <div class='ocr_carea' id='block_1_3' title="bbox 575 1807 1987 2028">
    <p class='ocr_par' dir='ltr' id='par_1_5' title="bbox 575 1807 1987 2028">
     <span class='ocr_line' id='line_1_12' title="bbox 1205 1807 1359 1873; baseline 0.006 -1"><span class='ocrx_word' id='word_1_117' title='bbox 1205 1807 1359 1873; x_wconf 88' lang='lat' dir='ltr'>XLVIII.</span> 
     </span>
     <span class='ocr_line' id='line_1_13' title="bbox 575 1959 1987 2028; baseline 0.001 -3"><span class='ocrx_word' id='word_1_118' title='bbox 575 1959 789 2026; x_wconf 81' lang='lat' dir='ltr'>RURICIUS</span> <span class='ocrx_word' id='word_1_119' title='bbox 813 1961 1058 2028; x_wconf 81' lang='lat' dir='ltr'>EPISOOPUS</span> <span class='ocrx_word' id='word_1_120' title='bbox 1083 1961 1260 2027; x_wconf 86' lang='lat' dir='ltr'><strong>DOMINO</strong></span> <span class='ocrx_word' id='word_1_121' title='bbox 1285 1961 1567 2027; x_wconf 83' lang='lat' dir='ltr'><strong>VENERABILI</strong></span> <span class='ocrx_word' id='word_1_122' title='bbox 1591 1961 1758 2027; x_wconf 79' lang='lat' dir='ltr'><strong>FRATRI</strong></span> <span class='ocrx_word' id='word_1_123' title='bbox 1781 1961 1987 2027; x_wconf 89' lang='lat' dir='ltr'><strong>IOHANNI.</strong></span> 
     </span>
    </p>
   </div>
   <div class='ocr_carea' id='block_1_4' title="bbox 407 2113 2250 4942">
    <p class='ocr_par' dir='ltr' id='par_1_6' title="bbox 408 2113 2168 2438">
     <span class='ocr_line' id='line_1_14' title="bbox 408 2113 2110 2230; baseline 0.002 -25"><span class='ocrx_word' id='word_1_124' title='bbox 408 2138 421 2197; x_wconf 89' lang='lat'>1</span> <span class='ocrx_word' id='word_1_125' title='bbox 561 2113 710 2208; x_wconf 78' lang='lat' dir='ltr'>Maccus</span> <span class='ocrx_word' id='word_1_126' title='bbox 733 2144 913 2208; x_wconf 89' lang='lat' dir='ltr'>communis</span> <span class='ocrx_word' id='word_1_127' title='bbox 937 2151 1108 2230; x_wconf 88' lang='lat' dir='ltr'>susceptus</span> <span class='ocrx_word' id='word_1_128' title='bbox 1133 2143 1217 2230; x_wconf 90' lang='lat' dir='ltr'>quod</span> <span class='ocrx_word' id='word_1_129' title='bbox 1235 2145 1416 2209; x_wconf 88' lang='lat' dir='ltr'>voluntarie</span> <span class='ocrx_word' id='word_1_130' title='bbox 1439 2144 1549 2208; x_wconf 85' lang='lat' dir='ltr'>facere</span> <span class='ocrx_word' id='word_1_131' title='bbox 1573 2143 1732 2209; x_wconf 89' lang='lat' dir='ltr'>debuerat</span> <span class='ocrx_word' id='word_1_132' title='bbox 1754 2143 1833 2208; x_wconf 83' lang='lat' dir='ltr'>fecit</span> <span class='ocrx_word' id='word_1_133' title='bbox 1856 2164 1940 2207; x_wconf 91' lang='lat' dir='ltr'>nunc</span> <span class='ocrx_word' id='word_1_134' title='bbox 1961 2147 2110 2208; x_wconf 88' lang='lat' dir='ltr'>necessi-</span> 
     </span>
     <span class='ocr_line' id='line_1_15' title="bbox 458 2246 2110 2332; baseline 0.001 -20"><span class='ocrx_word' id='word_1_135' title='bbox 458 2254 525 2312; x_wconf 91' lang='lat' dir='ltr'>tate</span> <span class='ocrx_word' id='word_1_136' title='bbox 550 2247 748 2332; x_wconf 87' lang='lat' dir='ltr'>compulsus,</span> <span class='ocrx_word' id='word_1_137' title='bbox 773 2253 808 2311; x_wconf 89' lang='lat' dir='ltr'>ut</span> <span class='ocrx_word' id='word_1_138' title='bbox 830 2246 872 2311; x_wconf 90' lang='lat' dir='ltr'>ad</span> <span class='ocrx_word' id='word_1_139' title='bbox 894 2249 1138 2313; x_wconf 88' lang='lat' dir='ltr'>venerationem</span> <span class='ocrx_word' id='word_1_140' title='bbox 1161 2254 1250 2312; x_wconf 91' lang='lat' dir='ltr'>tuam</span> <span class='ocrx_word' id='word_1_141' title='bbox 1274 2247 1561 2312; x_wconf 88' lang='lat' dir='ltr'>commendaticias</span> <span class='ocrx_word' id='word_1_142' title='bbox 1584 2247 1747 2332; x_wconf 88' lang='lat' dir='ltr'>flagitaret</span> <span class='ocrx_word' id='word_1_143' title='bbox 1771 2254 1804 2312; x_wconf 93' lang='lat' dir='ltr'>et</span> <span class='ocrx_word' id='word_1_144' title='bbox 1824 2269 1859 2311; x_wconf 88' lang='lat' dir='ltr'>se</span> <span class='ocrx_word' id='word_1_145' title='bbox 1875 2248 2002 2332; x_wconf 89' lang='lat' dir='ltr'>gratiae</span> <span class='ocrx_word' id='word_1_146' title='bbox 2019 2253 2110 2326; x_wconf 89' lang='lat' dir='ltr'>tuae,</span> 
     </span>
     <span class='ocr_line' id='line_1_16' title="bbox 460 2350 2168 2438; baseline 0 -22"><span class='ocrx_word' id='word_1_147' title='bbox 460 2353 521 2416; x_wconf 91' lang='lat' dir='ltr'>etsi</span> <span class='ocrx_word' id='word_1_148' title='bbox 550 2356 685 2437; x_wconf 91' lang='lat' dir='ltr'>propter</span> <span class='ocrx_word' id='word_1_149' title='bbox 715 2350 958 2435; x_wconf 86' lang='lat' dir='ltr'>neglegentiam</span> <span class='ocrx_word' id='word_1_150' title='bbox 994 2374 1086 2416; x_wconf 89' lang='lat' dir='ltr'>suam</span> <span class='ocrx_word' id='word_1_151' title='bbox 1115 2352 1154 2416; x_wconf 92' lang='lat' dir='ltr'>de</span> <span class='ocrx_word' id='word_1_152' title='bbox 1186 2352 1363 2438; x_wconf 90' lang='lat' dir='ltr'>praeterito</span> <span class='ocrx_word' id='word_1_153' title='bbox 1395 2351 1558 2436; x_wconf 88' lang='lat' dir='ltr'>ingratus,</span> <span class='ocrx_word' id='word_1_154' title='bbox 1591 2374 1651 2438; x_wconf 88' lang='lat' dir='ltr'>per</span> <span class='ocrx_word' id='word_1_155' title='bbox 1681 2351 1933 2415; x_wconf 85' lang='lat' dir='ltr'>insinuationem</span> <span class='ocrx_word' id='word_1_156' title='bbox 1965 2358 2112 2417; x_wconf 89' lang='lat' dir='ltr'>nostram</span> <span class='ocrx_word' id='word_1_157' title='bbox 2143 2367 2168 2406; x_wconf 78' lang='grc'>15</span> 
     </span>
    </p>

    <p class='ocr_par' dir='ltr' id='par_1_7' title="bbox 407 2453 2113 2543">
     <span class='ocr_line' id='line_1_17' title="bbox 407 2453 2113 2543; baseline 0.002 -25"><span class='ocrx_word' id='word_1_158' title='bbox 407 2459 426 2518; x_wconf 95' lang='grc'>2</span> <span class='ocrx_word' id='word_1_159' title='bbox 458 2453 543 2520; x_wconf 86' lang='lat' dir='ltr'>nunc</span> <span class='ocrx_word' id='word_1_160' title='bbox 575 2461 686 2518; x_wconf 88' lang='lat' dir='ltr'>tamen</span> <span class='ocrx_word' id='word_1_161' title='bbox 716 2455 948 2540; x_wconf 87' lang='lat' dir='ltr'>gratificandus</span> <span class='ocrx_word' id='word_1_162' title='bbox 980 2457 1154 2541; x_wconf 91' lang='lat' dir='ltr'>ingereret.</span> <span class='ocrx_word' id='word_1_163' title='bbox 1208 2457 1298 2520; x_wconf 89' lang='lat' dir='ltr'>cuius</span> <span class='ocrx_word' id='word_1_164' title='bbox 1330 2456 1483 2543; x_wconf 91' lang='lat' dir='ltr'>petitioni</span> <span class='ocrx_word' id='word_1_165' title='bbox 1514 2455 1586 2522; x_wconf 90' lang='lat' dir='ltr'>idco</span> <span class='ocrx_word' id='word_1_166' title='bbox 1617 2457 1796 2543; x_wconf 87' lang='lat' dir='ltr'>promptius</span> <span class='ocrx_word' id='word_1_167' title='bbox 1827 2455 1993 2541; x_wconf 81' lang='lat' dir='ltr'>adquievi,</span> <span class='ocrx_word' id='word_1_168' title='bbox 2032 2458 2113 2542; x_wconf 89' lang='lat' dir='ltr'>quia</span> 
     </span>
    </p>

    <p class='ocr_par' dir='ltr' id='par_1_8' title="bbox 407 2558 2164 2866">
     <span class='ocr_line' id='line_1_18' title="bbox 407 2558 2107 2646; baseline 0 -20"><span class='ocrx_word' id='word_1_169' title='bbox 407 2565 426 2626; x_wconf 85' lang='lat'><strong>3</strong></span> <span class='ocrx_word' id='word_1_170' title='bbox 460 2559 597 2640; x_wconf 88' lang='lat' dir='ltr'>credidi,</span> <span class='ocrx_word' id='word_1_171' title='bbox 635 2561 719 2624; x_wconf 88' lang='lat' dir='ltr'>sicut</span> <span class='ocrx_word' id='word_1_172' title='bbox 754 2565 787 2624; x_wconf 93' lang='lat' dir='ltr'>et</span> <span class='ocrx_word' id='word_1_173' title='bbox 818 2560 958 2641; x_wconf 93' lang='lat' dir='ltr'>confido,</span> <span class='ocrx_word' id='word_1_174' title='bbox 995 2583 1053 2625; x_wconf 89' lang='lat' dir='ltr'>vos</span> <span class='ocrx_word' id='word_1_175' title='bbox 1088 2561 1236 2646; x_wconf 89' lang='lat' dir='ltr'>petitioni</span> <span class='ocrx_word' id='word_1_176' title='bbox 1265 2581 1358 2624; x_wconf 89' lang='lat' dir='ltr'>meae</span> <span class='ocrx_word' id='word_1_177' title='bbox 1392 2559 1533 2624; x_wconf 91' lang='lat' dir='ltr'>libenter</span> <span class='ocrx_word' id='word_1_178' title='bbox 1565 2558 1720 2625; x_wconf 88' lang='lat' dir='ltr'>adnuere.</span> <span class='ocrx_word' id='word_1_179' title='bbox 1766 2560 1868 2642; x_wconf 91' lang='lat' dir='ltr'>unde,</span> <span class='ocrx_word' id='word_1_180' title='bbox 1903 2560 2107 2626; x_wconf 89' lang='lat' dir='ltr'>salutatione</span> 
     </span>
     <span class='ocr_line' id='line_1_19' title="bbox 460 2662 2113 2751; baseline 0.001 -24"><span class='ocrx_word' id='word_1_181' title='bbox 460 2663 614 2750; x_wconf 89' lang='lat' dir='ltr'>depensa,</span> <span class='ocrx_word' id='word_1_182' title='bbox 640 2685 746 2749; x_wconf 87' lang='lat' dir='ltr'>spero,</span> <span class='ocrx_word' id='word_1_183' title='bbox 771 2670 807 2728; x_wconf 93' lang='lat' dir='ltr'>ut</span> <span class='ocrx_word' id='word_1_184' title='bbox 829 2664 936 2751; x_wconf 89' lang='lat' dir='ltr'>ipsum</span> <span class='ocrx_word' id='word_1_185' title='bbox 959 2685 1016 2750; x_wconf 90' lang='lat' dir='ltr'>pro</span> <span class='ocrx_word' id='word_1_186' title='bbox 1040 2664 1277 2729; x_wconf 88' lang='lat' dir='ltr'>intercessione</span> <span class='ocrx_word' id='word_1_187' title='bbox 1301 2670 1413 2727; x_wconf 91' lang='lat' dir='ltr'>nostra</span> <span class='ocrx_word' id='word_1_188' title='bbox 1436 2662 1584 2749; x_wconf 87' lang='lat' dir='ltr'>recipcre</span> <span class='ocrx_word' id='word_1_189' title='bbox 1607 2665 1690 2729; x_wconf 91' lang='lat' dir='ltr'>tanti</span> <span class='ocrx_word' id='word_1_190' title='bbox 1706 2663 1865 2729; x_wconf 87' lang='lat' dir='ltr'>habeatis.</span> <span class='ocrx_word' id='word_1_191' title='bbox 1904 2670 1938 2730; x_wconf 89' lang='lat' dir='ltr'>ct</span> <span class='ocrx_word' id='word_1_192' title='bbox 1956 2663 2113 2750; x_wconf 87' lang='lat' dir='ltr'>quiahoc</span> 
     </span>
     <span class='ocr_line' id='line_1_20' title="bbox 460 2766 2164 2866; baseline 0 -34"><span class='ocrx_word' id='word_1_193' title='bbox 460 2767 544 2855; x_wconf 90' lang='lat' dir='ltr'>quod</span> <span class='ocrx_word' id='word_1_194' title='bbox 575 2767 686 2832; x_wconf 89' lang='lat' dir='ltr'>debuit</span> <span class='ocrx_word' id='word_1_195' title='bbox 713 2767 867 2849; x_wconf 91' lang='lat' dir='ltr'>reddidit,</span> <span class='ocrx_word' id='word_1_196' title='bbox 899 2790 1016 2833; x_wconf 87' lang='lat' dir='ltr'>usuras</span> <span class='ocrx_word' id='word_1_197' title='bbox 1050 2769 1097 2832; x_wconf 92' lang='lat' dir='ltr'>illi</span> <span class='ocrx_word' id='word_1_198' title='bbox 1121 2766 1300 2833; x_wconf 88' lang='lat' dir='ltr'>solidorum</span> <span class='ocrx_word' id='word_1_199' title='bbox 1324 2767 1469 2852; x_wconf 91' lang='lat' dir='ltr'>ipsorum</span> <span class='ocrx_word' id='word_1_200' title='bbox 1492 2787 1557 2831; x_wconf 91' lang='lat' dir='ltr'>non</span> <span class='ocrx_word' id='word_1_201' title='bbox 1580 2773 1707 2832; x_wconf 87' lang='lat' dir='ltr'>tantum</span> <span class='ocrx_word' id='word_1_202' title='bbox 1730 2790 1789 2854; x_wconf 96' lang='lat' dir='ltr'>pro</span> <span class='ocrx_word' id='word_1_203' title='bbox 1812 2769 1965 2855; x_wconf 90' lang='lat' dir='ltr'>precibus</span> <span class='ocrx_word' id='word_1_204' title='bbox 1988 2769 2112 2832; x_wconf 87' lang='lat' dir='ltr'>nostris</span> <span class='ocrx_word' id='word_1_205' title='bbox 2150 2845 2164 2866; x_wconf 32' lang='lat'>⁸</span> 
     </span>
    </p>

    <p class='ocr_par' dir='ltr' id='par_1_9' title="bbox 407 2870 2171 3580">
     <span class='ocr_line' id='line_1_21' title="bbox 407 2870 2171 2959; baseline -0.001 -22"><span class='ocrx_word' id='word_1_206' title='bbox 407 2878 426 2937; x_wconf 83' lang='grc'>4</span> <span class='ocrx_word' id='word_1_207' title='bbox 459 2878 616 2957; x_wconf 89' lang='lat' dir='ltr'>quantum</span> <span class='ocrx_word' id='word_1_208' title='bbox 639 2893 697 2957; x_wconf 94' lang='lat' dir='ltr'>pro</span> <span class='ocrx_word' id='word_1_209' title='bbox 721 2871 837 2937; x_wconf 90' lang='lat' dir='ltr'>divinis</span> <span class='ocrx_word' id='word_1_210' title='bbox 857 2873 1047 2959; x_wconf 61' lang='lat' dir='ltr'>,praeceptis</span> <span class='ocrx_word' id='word_1_211' title='bbox 1070 2870 1193 2936; x_wconf 90' lang='lat' dir='ltr'>donare</span> <span class='ocrx_word' id='word_1_212' title='bbox 1217 2870 1371 2956; x_wconf 88' lang='lat' dir='ltr'>digneris.</span> <span class='ocrx_word' id='word_1_213' title='bbox 1418 2870 1504 2955; x_wconf 92' lang='lat' dir='ltr'>quod</span> <span class='ocrx_word' id='word_1_214' title='bbox 1529 2893 1587 2956; x_wconf 89' lang='lat' dir='ltr'>pro</span> <span class='ocrx_word' id='word_1_215' title='bbox 1621 2873 1868 2937; x_wconf 87' lang='lat' dir='ltr'>conversatione</span> <span class='ocrx_word' id='word_1_216' title='bbox 1892 2879 2015 2953; x_wconf 86' lang='lat' dir='ltr'>vestra,</span> <span class='ocrx_word' id='word_1_217' title='bbox 2047 2893 2114 2956; x_wconf 89' lang='lat' dir='ltr'>qua</span> <span class='ocrx_word' id='word_1_218' title='bbox 2143 2886 2171 2924; x_wconf 69' lang='lat'>²⁰</span> 
     </span>
     <span class='ocr_line' id='line_1_22' title="bbox 459 2975 2115 3068; baseline -0.001 -27"><span class='ocrx_word' id='word_1_219' title='bbox 459 2998 517 3041; x_wconf 87' lang='lat' dir='ltr'>vos</span> <span class='ocrx_word' id='word_1_220' title='bbox 542 2976 602 3068; x_wconf 90' lang='lat' dir='ltr'>deo</span> <span class='ocrx_word' id='word_1_221' title='bbox 625 2977 765 3063; x_wconf 90' lang='lat' dir='ltr'>propitio</span> <span class='ocrx_word' id='word_1_222' title='bbox 789 2999 849 3063; x_wconf 89' lang='lat' dir='ltr'>per</span> <span class='ocrx_word' id='word_1_223' title='bbox 872 2978 941 3042; x_wconf 91' lang='lat' dir='ltr'>dies</span> <span class='ocrx_word' id='word_1_224' title='bbox 964 2977 1109 3062; x_wconf 89' lang='lat' dir='ltr'>singulos</span> <span class='ocrx_word' id='word_1_225' title='bbox 1141 2975 1238 3041; x_wconf 88' lang='lat' dir='ltr'>audio</span> <span class='ocrx_word' id='word_1_226' title='bbox 1268 2976 1442 3060; x_wconf 87' lang='lat' dir='ltr'>prolicere,</span> <span class='ocrx_word' id='word_1_227' title='bbox 1474 2975 1545 3039; x_wconf 90' lang='lat' dir='ltr'>sine</span> <span class='ocrx_word' id='word_1_228' title='bbox 1575 2975 1778 3040; x_wconf 90' lang='lat' dir='ltr'>dubitatione</span> <span class='ocrx_word' id='word_1_229' title='bbox 1809 2976 2003 3062; x_wconf 88' lang='lat' dir='ltr'>praestetis,</span> <span class='ocrx_word' id='word_1_230' title='bbox 2033 2975 2115 3060; x_wconf 90' lang='lat' dir='ltr'>quia</span> 
     </span>
     <span class='ocr_line' id='line_1_23' title="bbox 460 3079 2113 3168; baseline -0.001 -24"><span class='ocrx_word' id='word_1_231' title='bbox 460 3081 522 3166; x_wconf 91' lang='lat' dir='ltr'>ipsi</span> <span class='ocrx_word' id='word_1_232' title='bbox 545 3082 659 3160; x_wconf 90' lang='lat' dir='ltr'>nostis,</span> <span class='ocrx_word' id='word_1_233' title='bbox 683 3080 770 3168; x_wconf 89' lang='lat' dir='ltr'>quod</span> <span class='ocrx_word' id='word_1_234' title='bbox 793 3082 847 3146; x_wconf 88' lang='lat' dir='ltr'>ille</span> <span class='ocrx_word' id='word_1_235' title='bbox 871 3103 1008 3166; x_wconf 89' lang='lat' dir='ltr'>regnum</span> <span class='ocrx_word' id='word_1_236' title='bbox 1031 3080 1084 3145; x_wconf 89' lang='lat' dir='ltr'>dei</span> <span class='ocrx_word' id='word_1_237' title='bbox 1108 3081 1234 3145; x_wconf 91' lang='lat' dir='ltr'>laetitia</span> <span class='ocrx_word' id='word_1_238' title='bbox 1258 3085 1291 3144; x_wconf 90' lang='lat' dir='ltr'>ct</span> <span class='ocrx_word' id='word_1_239' title='bbox 1313 3079 1532 3164; x_wconf 88' lang='lat' dir='ltr'>gratulatione</span> <span class='ocrx_word' id='word_1_240' title='bbox 1555 3080 1713 3166; x_wconf 89' lang='lat' dir='ltr'>percipiet</span> <span class='ocrx_word' id='word_1_241' title='bbox 1729 3086 1763 3146; x_wconf 94' lang='lat' dir='ltr'>ct</span> <span class='ocrx_word' id='word_1_242' title='bbox 1778 3081 1812 3145; x_wconf 92' lang='lat' dir='ltr'>in</span> <span class='ocrx_word' id='word_1_243' title='bbox 1829 3085 1972 3145; x_wconf 91' lang='lat' dir='ltr'>montem</span> <span class='ocrx_word' id='word_1_244' title='bbox 1988 3079 2113 3144; x_wconf 90' lang='lat' dir='ltr'>domini</span> 
     </span>
     <span class='ocr_line' id='line_1_24' title="bbox 459 3182 2112 3272; baseline -0.002 -24"><span class='ocrx_word' id='word_1_245' title='bbox 459 3185 659 3270; x_wconf 87' lang='lat' dir='ltr'>glorificatus</span> <span class='ocrx_word' id='word_1_246' title='bbox 689 3184 860 3266; x_wconf 88' lang='lat' dir='ltr'>ascendet,</span> <span class='ocrx_word' id='word_1_247' title='bbox 893 3186 946 3270; x_wconf 94' lang='lat' dir='ltr'>qui</span> <span class='ocrx_word' id='word_1_248' title='bbox 976 3185 1137 3272; x_wconf 89' lang='lat' dir='ltr'>pecuniae</span> <span class='ocrx_word' id='word_1_249' title='bbox 1169 3206 1248 3248; x_wconf 90' lang='lat' dir='ltr'>suae</span> <span class='ocrx_word' id='word_1_250' title='bbox 1273 3205 1405 3248; x_wconf 87' lang='lat' dir='ltr'>usuram</span> <span class='ocrx_word' id='word_1_251' title='bbox 1429 3205 1494 3248; x_wconf 91' lang='lat' dir='ltr'>non</span> <span class='ocrx_word' id='word_1_252' title='bbox 1516 3184 1550 3247; x_wconf 94' lang='lat' dir='ltr'>in</span> <span class='ocrx_word' id='word_1_253' title='bbox 1573 3184 1739 3270; x_wconf 91' lang='lat' dir='ltr'>praesenti</span> <span class='ocrx_word' id='word_1_254' title='bbox 1763 3184 1894 3248; x_wconf 87' lang='lat' dir='ltr'>saeculo</span> <span class='ocrx_word' id='word_1_255' title='bbox 1918 3205 1938 3248; x_wconf 90' lang='lat' dir='ltr'>a</span> <span class='ocrx_word' id='word_1_256' title='bbox 1960 3182 2112 3269; x_wconf 89' lang='lat' dir='ltr'>proximo</span> 
     </span>
     <span class='ocr_line' id='line_1_25' title="bbox 461 3286 2112 3374; baseline -0.001 -22"><span class='ocrx_word' id='word_1_257' title='bbox 461 3311 519 3353; x_wconf 92' lang='lat' dir='ltr'>suo</span> <span class='ocrx_word' id='word_1_258' title='bbox 543 3290 707 3374; x_wconf 84' lang='lat' dir='ltr'>exegerit,</span> <span class='ocrx_word' id='word_1_259' title='bbox 732 3290 790 3354; x_wconf 92' lang='lat' dir='ltr'>sed</span> <span class='ocrx_word' id='word_1_260' title='bbox 813 3311 833 3354; x_wconf 90' lang='lat' dir='ltr'>a</span> <span class='ocrx_word' id='word_1_261' title='bbox 855 3290 987 3354; x_wconf 92' lang='lat' dir='ltr'>domino</span> <span class='ocrx_word' id='word_1_262' title='bbox 1011 3289 1253 3374; x_wconf 87' lang='lat' dir='ltr'>exspectaverit</span> <span class='ocrx_word' id='word_1_263' title='bbox 1276 3289 1308 3351; x_wconf 91' lang='lat' dir='ltr'>in</span> <span class='ocrx_word' id='word_1_264' title='bbox 1331 3288 1455 3360; x_wconf 83' lang='lat' dir='ltr'>futuro;</span> <span class='ocrx_word' id='word_1_265' title='bbox 1486 3309 1548 3352; x_wconf 91' lang='lat' dir='ltr'>nec</span> <span class='ocrx_word' id='word_1_266' title='bbox 1571 3310 1630 3374; x_wconf 94' lang='lat' dir='ltr'>per</span> <span class='ocrx_word' id='word_1_267' title='bbox 1653 3286 1766 3353; x_wconf 89' lang='lat' dir='ltr'>dolosa</span> <span class='ocrx_word' id='word_1_268' title='bbox 1789 3287 1951 3353; x_wconf 86' lang='lat' dir='ltr'>beneficia</span> <span class='ocrx_word' id='word_1_269' title='bbox 1973 3287 2112 3372; x_wconf 87' lang='lat' dir='ltr'>laqueos</span> 
     </span>
     <span class='ocr_line' id='line_1_26' title="bbox 460 3390 2170 3475; baseline 0 -20"><span class='ocrx_word' id='word_1_270' title='bbox 460 3393 684 3457; x_wconf 91' lang='lat' dir='ltr'>laborantibus</span> <span class='ocrx_word' id='word_1_271' title='bbox 715 3395 806 3458; x_wconf 91' lang='lat' dir='ltr'>inicit</span> <span class='ocrx_word' id='word_1_272' title='bbox 835 3393 1056 3458; x_wconf 90' lang='lat' dir='ltr'>insolubilium</span> <span class='ocrx_word' id='word_1_273' title='bbox 1085 3392 1284 3472; x_wconf 89' lang='lat' dir='ltr'>debitorum,</span> <span class='ocrx_word' id='word_1_274' title='bbox 1322 3392 1381 3456; x_wconf 91' lang='lat' dir='ltr'>sed</span> <span class='ocrx_word' id='word_1_275' title='bbox 1410 3392 1497 3456; x_wconf 90' lang='lat' dir='ltr'>illius</span> <span class='ocrx_word' id='word_1_276' title='bbox 1530 3399 1580 3456; x_wconf 90' lang='lat' dir='ltr'>est</span> <span class='ocrx_word' id='word_1_277' title='bbox 1605 3391 1772 3457; x_wconf 78' lang='lat' dir='ltr'>fenerator</span> <span class='ocrx_word' id='word_1_278' title='bbox 1804 3397 1837 3456; x_wconf 91' lang='lat' dir='ltr'>et</span> <span class='ocrx_word' id='word_1_279' title='bbox 1868 3391 2018 3470; x_wconf 88' lang='lat' dir='ltr'>creditor,</span> <span class='ocrx_word' id='word_1_280' title='bbox 2055 3390 2112 3475; x_wconf 91' lang='lat' dir='ltr'>qui</span> <span class='ocrx_word' id='word_1_281' title='bbox 2143 3404 2170 3444; x_wconf 77' lang='lat'>²⁵</span> 
     </span>
     <span class='ocr_line' id='line_1_27' title="bbox 461 3495 2114 3580; baseline -0.003 -19"><span class='ocrx_word' id='word_1_282' title='bbox 461 3496 552 3561; x_wconf 93' lang='lat' dir='ltr'>dicit:</span> <span class='ocrx_word' id='word_1_283' title='bbox 584 3496 672 3562; x_wconf 85' lang='lat' dir='ltr'>dete</span> <span class='ocrx_word' id='word_1_284' title='bbox 697 3504 734 3563; x_wconf 91' lang='lat' dir='ltr'>et</span> <span class='ocrx_word' id='word_1_285' title='bbox 756 3498 918 3563; x_wconf 90' lang='lat' dir='ltr'>dabitur</span> <span class='ocrx_word' id='word_1_286' title='bbox 940 3496 1070 3578; x_wconf 89' lang='lat' dir='ltr'>vobis,</span> <span class='ocrx_word' id='word_1_287' title='bbox 1094 3501 1133 3560; x_wconf 91' lang='lat' dir='ltr'>et</span> <span class='ocrx_word' id='word_1_288' title='bbox 1156 3517 1229 3580; x_wconf 89' lang='lat' dir='ltr'>qua</span> <span class='ocrx_word' id='word_1_289' title='bbox 1251 3517 1433 3560; x_wconf 86' lang='lat' dir='ltr'>mensura</span> <span class='ocrx_word' id='word_1_290' title='bbox 1455 3497 1579 3560; x_wconf 92' lang='lat' dir='ltr'>mensi</span> <span class='ocrx_word' id='word_1_291' title='bbox 1602 3495 1782 3574; x_wconf 84' lang='lat' dir='ltr'>fueritis,</span> <span class='ocrx_word' id='word_1_292' title='bbox 1806 3517 1851 3559; x_wconf 87' lang='lat' dir='ltr'>ea</span> <span class='ocrx_word' id='word_1_293' title='bbox 1874 3495 2114 3560; x_wconf 90' lang='lat' dir='ltr'>remetietur</span> 
     </span>
    </p>

    <p class='ocr_par' dir='ltr' id='par_1_10' title="bbox 409 3596 2250 3999">
     <span class='ocr_line' id='line_1_28' title="bbox 409 3596 2112 3690; baseline -0.003 -26"><span class='ocrx_word' id='word_1_294' title='bbox 409 3605 428 3664; x_wconf 89' lang='lat'>5</span> <span class='ocrx_word' id='word_1_295' title='bbox 462 3601 586 3666; x_wconf 88' lang='lat' dir='ltr'>vobis.</span> <span class='ocrx_word' id='word_1_296' title='bbox 632 3601 771 3667; x_wconf 89' lang='lat' dir='ltr'>infidelis</span> <span class='ocrx_word' id='word_1_297' title='bbox 794 3603 906 3690; x_wconf 92' lang='lat' dir='ltr'>utique</span> <span class='ocrx_word' id='word_1_298' title='bbox 931 3606 965 3666; x_wconf 90' lang='lat' dir='ltr'>et</span> <span class='ocrx_word' id='word_1_299' title='bbox 987 3601 1116 3686; x_wconf 88' lang='lat' dir='ltr'>iniquus</span> <span class='ocrx_word' id='word_1_300' title='bbox 1139 3605 1189 3664; x_wconf 90' lang='lat' dir='ltr'>est</span> <span class='ocrx_word' id='word_1_301' title='bbox 1213 3601 1309 3664; x_wconf 90' lang='lat' dir='ltr'>ctiam</span> <span class='ocrx_word' id='word_1_302' title='bbox 1335 3599 1407 3679; x_wconf 92' lang='lat' dir='ltr'>sibi,</span> <span class='ocrx_word' id='word_1_303' title='bbox 1432 3601 1487 3686; x_wconf 93' lang='lat' dir='ltr'>qui</span> <span class='ocrx_word' id='word_1_304' title='bbox 1510 3599 1572 3664; x_wconf 91' lang='lat' dir='ltr'>hoc</span> <span class='ocrx_word' id='word_1_305' title='bbox 1594 3598 1681 3684; x_wconf 93' lang='lat' dir='ltr'>quod</span> <span class='ocrx_word' id='word_1_306' title='bbox 1697 3599 1798 3684; x_wconf 88' lang='lat' dir='ltr'>elegit</span> <span class='ocrx_word' id='word_1_307' title='bbox 1814 3596 2112 3685; x_wconf 89' lang='lat' dir='ltr'>concupiscendum</span> 
     </span>
     <span class='ocr_line' id='line_1_29' title="bbox 462 3702 2114 3793; baseline -0.003 -24"><span class='ocrx_word' id='word_1_308' title='bbox 462 3728 527 3770; x_wconf 91' lang='lat' dir='ltr'>non</span> <span class='ocrx_word' id='word_1_309' title='bbox 544 3707 613 3770; x_wconf 92' lang='lat' dir='ltr'>vult</span> <span class='ocrx_word' id='word_1_310' title='bbox 633 3706 757 3771; x_wconf 89' lang='lat' dir='ltr'>habere</span> <span class='ocrx_word' id='word_1_311' title='bbox 781 3713 988 3793; x_wconf 90' lang='lat' dir='ltr'>perpetuum.</span> <span class='ocrx_word' id='word_1_312' title='bbox 1028 3704 1176 3790; x_wconf 88' lang='lat' dir='ltr'>quamvis</span> <span class='ocrx_word' id='word_1_313' title='bbox 1200 3705 1287 3768; x_wconf 91' lang='lat' dir='ltr'>enirn</span> <span class='ocrx_word' id='word_1_314' title='bbox 1311 3703 1507 3789; x_wconf 88' lang='lat' dir='ltr'>quicumque</span> <span class='ocrx_word' id='word_1_315' title='bbox 1531 3703 1635 3767; x_wconf 87' lang='lat' dir='ltr'>multa</span> <span class='ocrx_word' id='word_1_316' title='bbox 1659 3702 1786 3782; x_wconf 87' lang='lat' dir='ltr'>condat,</span> <span class='ocrx_word' id='word_1_317' title='bbox 1809 3703 1913 3766; x_wconf 89' lang='lat' dir='ltr'>multa</span> <span class='ocrx_word' id='word_1_318' title='bbox 1936 3707 2114 3786; x_wconf 90' lang='lat' dir='ltr'>congreget</span> 
     </span>
     <span class='ocr_line' id='line_1_30' title="bbox 461 3804 2112 3892; baseline -0.002 -20"><span class='ocrx_word' id='word_1_319' title='bbox 461 3814 494 3872; x_wconf 90' lang='lat' dir='ltr'>et</span> <span class='ocrx_word' id='word_1_320' title='bbox 516 3809 643 3874; x_wconf 90' lang='lat' dir='ltr'>infinita</span> <span class='ocrx_word' id='word_1_321' title='bbox 666 3808 804 3875; x_wconf 90' lang='lat' dir='ltr'>diversis</span> <span class='ocrx_word' id='word_1_322' title='bbox 828 3806 1120 3872; x_wconf 89' lang='lat' dir='ltr'>nundinationibus</span> <span class='ocrx_word' id='word_1_323' title='bbox 1144 3805 1304 3892; x_wconf 89' lang='lat' dir='ltr'>adquirat,</span> <span class='ocrx_word' id='word_1_324' title='bbox 1329 3804 1497 3870; x_wconf 89' lang='lat' dir='ltr'>mendicus</span> <span class='ocrx_word' id='word_1_325' title='bbox 1521 3804 1561 3869; x_wconf 90' lang='lat' dir='ltr'>de</span> <span class='ocrx_word' id='word_1_326' title='bbox 1585 3805 1645 3871; x_wconf 93' lang='lat' dir='ltr'>hoc</span> <span class='ocrx_word' id='word_1_327' title='bbox 1668 3805 1788 3872; x_wconf 90' lang='lat' dir='ltr'>mundo</span> <span class='ocrx_word' id='word_1_328' title='bbox 1812 3805 1967 3888; x_wconf 92' lang='lat' dir='ltr'>discedet,</span> <span class='ocrx_word' id='word_1_329' title='bbox 1990 3805 2054 3869; x_wconf 89' lang='lat' dir='ltr'>nisi</span> <span class='ocrx_word' id='word_1_330' title='bbox 2070 3804 2112 3869; x_wconf 93' lang='lat' dir='ltr'>de</span> 
     </span>
     <span class='ocr_line' id='line_1_31' title="bbox 462 3894 2250 3999; baseline -0.003 -22"><span class='ocrx_word' id='word_1_331' title='bbox 462 3913 560 3977; x_wconf 91' lang='lat' dir='ltr'>rebus</span> <span class='ocrx_word' id='word_1_332' title='bbox 585 3914 652 3978; x_wconf 92' lang='lat' dir='ltr'>suis</span> <span class='ocrx_word' id='word_1_333' title='bbox 675 3913 858 3999; x_wconf 89' lang='lat' dir='ltr'>portionem</span> <span class='ocrx_word' id='word_1_334' title='bbox 882 3932 974 3975; x_wconf 89' lang='lat' dir='ltr'>suam</span> <span class='ocrx_word' id='word_1_335' title='bbox 998 3910 1039 3975; x_wconf 90' lang='lat' dir='ltr'>ad</span> <span class='ocrx_word' id='word_1_336' title='bbox 1062 3917 1229 3976; x_wconf 90' lang='lat' dir='ltr'>aeternam</span> <span class='ocrx_word' id='word_1_337' title='bbox 1245 3911 1482 3977; x_wconf 90' lang='lat' dir='ltr'>beatitudinem</span> <span class='ocrx_word' id='word_1_338' title='bbox 1504 3916 1578 3974; x_wconf 87' lang='lat' dir='ltr'>ante</span> <span class='ocrx_word' id='word_1_339' title='bbox 1595 3911 1810 3996; x_wconf 87' lang='lat' dir='ltr'>praemiserit,</span> <span class='ocrx_word' id='word_1_340' title='bbox 1834 3910 1962 3975; x_wconf 89' lang='lat' dir='ltr'>dicente</span> <span class='ocrx_word' id='word_1_341' title='bbox 1979 3909 2112 3974; x_wconf 91' lang='lat' dir='ltr'>domino</span> <span class='ocrx_word' id='word_1_342' title='bbox 2142 3921 2170 3960; x_wconf 84' lang='lat'>³0</span> <span class='ocrx_word' id='word_1_343' title='bbox 2244 3894 2250 3904; x_wconf 54' lang='lat'><em>⁶</em></span> 
     </span>
    </p>

    <p class='ocr_par' dir='ltr' id='par_1_11' title="bbox 410 4013 2114 4308">
     <span class='ocr_line' id='line_1_32' title="bbox 410 4013 2112 4101; baseline -0.002 -22"><span class='ocrx_word' id='word_1_344' title='bbox 410 4020 430 4079; x_wconf 88' lang='lat'><strong>6</strong></span> <span class='ocrx_word' id='word_1_345' title='bbox 462 4037 521 4101; x_wconf 92' lang='lat' dir='ltr'>per</span> <span class='ocrx_word' id='word_1_346' title='bbox 544 4016 752 4101; x_wconf 89' lang='lat' dir='ltr'>prophetam:</span> <span class='ocrx_word' id='word_1_347' title='bbox 787 4037 833 4081; x_wconf 91' lang='lat' dir='ltr'>ne</span> <span class='ocrx_word' id='word_1_348' title='bbox 862 4015 1061 4096; x_wconf 87' lang='lat' dir='ltr'>timueris,</span> <span class='ocrx_word' id='word_1_349' title='bbox 1096 4037 1178 4080; x_wconf 89' lang='lat' dir='ltr'>cum</span> <span class='ocrx_word' id='word_1_350' title='bbox 1207 4015 1318 4081; x_wconf 91' lang='lat' dir='ltr'>dives</span> <span class='ocrx_word' id='word_1_351' title='bbox 1348 4016 1479 4080; x_wconf 86' lang='lat' dir='ltr'>factus</span> <span class='ocrx_word' id='word_1_352' title='bbox 1507 4015 1636 4080; x_wconf 85' lang='lat' dir='ltr'>suerit</span> <span class='ocrx_word' id='word_1_353' title='bbox 1666 4013 1777 4079; x_wconf 94' lang='lat' dir='ltr'>homo</span> <span class='ocrx_word' id='word_1_354' title='bbox 1805 4022 1953 4080; x_wconf 90' lang='lat' dir='ltr'>etcum</span> <span class='ocrx_word' id='word_1_355' title='bbox 1976 4013 2112 4078; x_wconf 89' lang='lat' dir='ltr'>multi-</span> 
     </span>
     <span class='ocr_line' id='line_1_33' title="bbox 462 4117 2114 4205; baseline -0.001 -23"><span class='ocrx_word' id='word_1_356' title='bbox 462 4120 615 4205; x_wconf 87' lang='lat' dir='ltr'>plicata</span> <span class='ocrx_word' id='word_1_357' title='bbox 637 4120 767 4184; x_wconf 84' lang='lat' dir='ltr'>luerit</span> <span class='ocrx_word' id='word_1_358' title='bbox 791 4121 922 4204; x_wconf 90' lang='lat' dir='ltr'>gloria</span> <span class='ocrx_word' id='word_1_359' title='bbox 947 4119 1087 4184; x_wconf 90' lang='lat' dir='ltr'>domus</span> <span class='ocrx_word' id='word_1_360' title='bbox 1111 4119 1209 4201; x_wconf 89' lang='lat' dir='ltr'>eius,</span> <span class='ocrx_word' id='word_1_361' title='bbox 1234 4120 1437 4204; x_wconf 90' lang='lat' dir='ltr'>quianon,</span> <span class='ocrx_word' id='word_1_362' title='bbox 1461 4119 1769 4197; x_wconf 85' lang='lat' dir='ltr'>cummorietur,</span> <span class='ocrx_word' id='word_1_363' title='bbox 1794 4117 2114 4205; x_wconf 90' lang='lat' dir='ltr'>recipietomnia</span> 
     </span>
     <span class='ocr_line' id='line_1_34' title="bbox 463 4222 2113 4308; baseline -0.001 -23"><span class='ocrx_word' id='word_1_364' title='bbox 463 4243 591 4308; x_wconf 90' lang='lat' dir='ltr'>neque</span> <span class='ocrx_word' id='word_1_365' title='bbox 616 4223 740 4286; x_wconf 89' lang='lat' dir='ltr'>simul</span> <span class='ocrx_word' id='word_1_366' title='bbox 764 4222 980 4288; x_wconf 89' lang='lat' dir='ltr'>descendet</span> <span class='ocrx_word' id='word_1_367' title='bbox 1003 4243 1089 4287; x_wconf 89' lang='lat' dir='ltr'>cum</span> <span class='ocrx_word' id='word_1_368' title='bbox 1113 4245 1156 4288; x_wconf 93' lang='lat' dir='ltr'>eo</span> <span class='ocrx_word' id='word_1_369' title='bbox 1179 4224 1306 4308; x_wconf 86' lang='lat' dir='ltr'>gloria</span> <span class='ocrx_word' id='word_1_370' title='bbox 1329 4222 1472 4288; x_wconf 90' lang='lat' dir='ltr'>domus</span> <span class='ocrx_word' id='word_1_371' title='bbox 1504 4223 1604 4297; x_wconf 85' lang='lat' dir='ltr'>eius3</span> <span class='ocrx_word' id='word_1_372' title='bbox 1636 4224 1829 4288; x_wconf 88' lang='lat' dir='ltr'>etiterum:</span> <span class='ocrx_word' id='word_1_373' title='bbox 1860 4222 2113 4287; x_wconf 90' lang='lat' dir='ltr'>dormierunt</span> 
     </span>
    </p>

    <p class='ocr_par' dir='ltr' id='par_1_12' title="bbox 412 4324 2169 4518">
     <span class='ocr_line' id='line_1_35' title="bbox 412 4324 2114 4409; baseline -0.002 -19"><span class='ocrx_word' id='word_1_374' title='bbox 412 4330 430 4389; x_wconf 83' lang='lat'><strong>7</strong></span> <span class='ocrx_word' id='word_1_375' title='bbox 462 4348 632 4391; x_wconf 87' lang='lat' dir='ltr'>somnum</span> <span class='ocrx_word' id='word_1_376' title='bbox 656 4348 779 4407; x_wconf 90' lang='lat' dir='ltr'>suurn,</span> <span class='ocrx_word' id='word_1_377' title='bbox 804 4335 843 4392; x_wconf 91' lang='lat' dir='ltr'>et</span> <span class='ocrx_word' id='word_1_378' title='bbox 866 4328 972 4391; x_wconf 94' lang='lat' dir='ltr'>nihil</span> <span class='ocrx_word' id='word_1_379' title='bbox 995 4328 1234 4394; x_wconf 90' lang='lat' dir='ltr'>invenerunt</span> <span class='ocrx_word' id='word_1_380' title='bbox 1256 4349 1401 4393; x_wconf 91' lang='lat' dir='ltr'>omnes</span> <span class='ocrx_word' id='word_1_381' title='bbox 1424 4327 1660 4392; x_wconf 89' lang='lat' dir='ltr'>divitiarum</span> <span class='ocrx_word' id='word_1_382' title='bbox 1675 4325 1713 4390; x_wconf 94' lang='lat' dir='ltr'>in</span> <span class='ocrx_word' id='word_1_383' title='bbox 1728 4325 1908 4391; x_wconf 87' lang='lat' dir='ltr'>manibus</span> <span class='ocrx_word' id='word_1_384' title='bbox 1926 4327 2020 4391; x_wconf 87' lang='lat' dir='ltr'>suis.</span> <span class='ocrx_word' id='word_1_385' title='bbox 2058 4324 2114 4409; x_wconf 92' lang='lat' dir='ltr'>qui</span> 
     </span>
     <span class='ocr_line' id='line_1_36' title="bbox 464 4429 2169 4518; baseline -0.002 -23"><span class='ocrx_word' id='word_1_386' title='bbox 464 4432 490 4495; x_wconf 92' lang='lat' dir='ltr'>si</span> <span class='ocrx_word' id='word_1_387' title='bbox 514 4431 649 4516; x_wconf 93' lang='lat' dir='ltr'>benigni</span> <span class='ocrx_word' id='word_1_388' title='bbox 672 4437 780 4496; x_wconf 88' lang='lat' dir='ltr'>essent</span> <span class='ocrx_word' id='word_1_389' title='bbox 802 4433 929 4496; x_wconf 87' lang='lat' dir='ltr'>animae</span> <span class='ocrx_word' id='word_1_390' title='bbox 954 4453 1042 4511; x_wconf 87' lang='lat' dir='ltr'>suae,</span> <span class='ocrx_word' id='word_1_391' title='bbox 1066 4431 1114 4496; x_wconf 93' lang='lat' dir='ltr'>illi</span> <span class='ocrx_word' id='word_1_392' title='bbox 1136 4433 1243 4518; x_wconf 90' lang='lat' dir='ltr'>potius</span> <span class='ocrx_word' id='word_1_393' title='bbox 1267 4431 1354 4496; x_wconf 85' lang='lat' dir='ltr'>bona</span> <span class='ocrx_word' id='word_1_394' title='bbox 1379 4451 1439 4495; x_wconf 90' lang='lat' dir='ltr'>sua</span> <span class='ocrx_word' id='word_1_395' title='bbox 1462 4429 1644 4512; x_wconf 89' lang='lat' dir='ltr'>crederent,</span> <span class='ocrx_word' id='word_1_396' title='bbox 1669 4429 1723 4516; x_wconf 92' lang='lat' dir='ltr'>qui</span> <span class='ocrx_word' id='word_1_397' title='bbox 1739 4436 1772 4494; x_wconf 90' lang='lat' dir='ltr'>et</span> <span class='ocrx_word' id='word_1_398' title='bbox 1786 4430 1922 4496; x_wconf 90' lang='lat' dir='ltr'>idoneus</span> <span class='ocrx_word' id='word_1_399' title='bbox 1938 4429 2113 4495; x_wconf 86' lang='lat' dir='ltr'>fideiussor</span> <span class='ocrx_word' id='word_1_400' title='bbox 2143 4439 2169 4479; x_wconf 77' lang='lat'>³⁵</span> 
     </span>
    </p>

    <p class='ocr_par' dir='ltr' id='par_1_13' title="bbox 411 4533 2115 4942">
     <span class='ocr_line' id='line_1_37' title="bbox 411 4533 2114 4622; baseline -0.003 -21"><span class='ocrx_word' id='word_1_401' title='bbox 411 4539 430 4601; x_wconf 88' lang='grc'>8</span> <span class='ocrx_word' id='word_1_402' title='bbox 464 4540 513 4601; x_wconf 89' lang='lat' dir='ltr'>est</span> <span class='ocrx_word' id='word_1_403' title='bbox 535 4557 717 4622; x_wconf 91' lang='lat' dir='ltr'>pauperum</span> <span class='ocrx_word' id='word_1_404' title='bbox 740 4541 772 4600; x_wconf 91' lang='lat' dir='ltr'>et</span> <span class='ocrx_word' id='word_1_405' title='bbox 795 4536 999 4621; x_wconf 87' lang='lat' dir='ltr'>largissimus</span> <span class='ocrx_word' id='word_1_406' title='bbox 1016 4535 1162 4601; x_wconf 91' lang='lat' dir='ltr'>redditor</span> <span class='ocrx_word' id='word_1_407' title='bbox 1177 4557 1360 4602; x_wconf 89' lang='lat' dir='ltr'>usurarum.</span> <span class='ocrx_word' id='word_1_408' title='bbox 1400 4554 1558 4619; x_wconf 84' lang='lat' dir='ltr'>nonergo</span> <span class='ocrx_word' id='word_1_409' title='bbox 1576 4534 1712 4620; x_wconf 89' lang='lat' dir='ltr'>cupidus</span> <span class='ocrx_word' id='word_1_410' title='bbox 1730 4533 1785 4614; x_wconf 88' lang='lat' dir='ltr'>sis,</span> <span class='ocrx_word' id='word_1_411' title='bbox 1810 4535 1978 4600; x_wconf 89' lang='lat' dir='ltr'>carissime</span> <span class='ocrx_word' id='word_1_412' title='bbox 2001 4533 2114 4610; x_wconf 85' lang='lat' dir='ltr'>frater,</span> 
     </span>
     <span class='ocr_line' id='line_1_38' title="bbox 463 4635 2114 4727; baseline -0.002 -24"><span class='ocrx_word' id='word_1_413' title='bbox 463 4661 548 4704; x_wconf 92' lang='lat' dir='ltr'>nunc</span> <span class='ocrx_word' id='word_1_414' title='bbox 571 4640 717 4726; x_wconf 91' lang='lat' dir='ltr'>recipere</span> <span class='ocrx_word' id='word_1_415' title='bbox 740 4641 774 4704; x_wconf 91' lang='lat' dir='ltr'>in</span> <span class='ocrx_word' id='word_1_416' title='bbox 797 4640 908 4726; x_wconf 90' lang='lat' dir='ltr'>duplo,</span> <span class='ocrx_word' id='word_1_417' title='bbox 939 4640 1025 4727; x_wconf 93' lang='lat' dir='ltr'>quod</span> <span class='ocrx_word' id='word_1_418' title='bbox 1047 4641 1197 4706; x_wconf 87' lang='lat' dir='ltr'>dominus</span> <span class='ocrx_word' id='word_1_419' title='bbox 1219 4640 1421 4706; x_wconf 89' lang='lat' dir='ltr'>redditurum</span> <span class='ocrx_word' id='word_1_420' title='bbox 1445 4660 1480 4702; x_wconf 90' lang='lat' dir='ltr'>se</span> <span class='ocrx_word' id='word_1_421' title='bbox 1503 4638 1563 4703; x_wconf 87' lang='lat' dir='ltr'>tibi</span> <span class='ocrx_word' id='word_1_422' title='bbox 1585 4638 1745 4724; x_wconf 88' lang='lat' dir='ltr'>promittit</span> <span class='ocrx_word' id='word_1_423' title='bbox 1767 4638 1800 4700; x_wconf 93' lang='lat' dir='ltr'>in</span> <span class='ocrx_word' id='word_1_424' title='bbox 1823 4639 1995 4724; x_wconf 90' lang='lat' dir='ltr'>centuplo,</span> <span class='ocrx_word' id='word_1_425' title='bbox 2026 4635 2114 4701; x_wconf 90' lang='lat' dir='ltr'>unde</span> 
     </span>
     <span class='ocr_line' id='line_1_39' title="bbox 463 4736 2115 4831; baseline -0.003 -23"><span class='ocrx_word' id='word_1_426' title='bbox 463 4736 523 4808; x_wconf 90' lang='lat' dir='ltr'>nec</span> <span class='ocrx_word' id='word_1_427' title='bbox 547 4767 567 4809; x_wconf 93' lang='lat' dir='ltr'>a</span> <span class='ocrx_word' id='word_1_428' title='bbox 589 4745 680 4810; x_wconf 89' lang='lat' dir='ltr'>tinea</span> <span class='ocrx_word' id='word_1_429' title='bbox 702 4744 823 4831; x_wconf 91' lang='lat' dir='ltr'>poteris</span> <span class='ocrx_word' id='word_1_430' title='bbox 847 4745 1080 4829; x_wconf 88' lang='lat' dir='ltr'>pertimescere</span> <span class='ocrx_word' id='word_1_431' title='bbox 1105 4745 1337 4811; x_wconf 83' lang='lat' dir='ltr'>exterminium</span> <span class='ocrx_word' id='word_1_432' title='bbox 1359 4765 1421 4807; x_wconf 92' lang='lat' dir='ltr'>nec</span> <span class='ocrx_word' id='word_1_433' title='bbox 1445 4765 1465 4807; x_wconf 93' lang='lat' dir='ltr'>a</span> <span class='ocrx_word' id='word_1_434' title='bbox 1487 4742 1559 4807; x_wconf 84' lang='lat' dir='ltr'>lure</span> <span class='ocrx_word' id='word_1_435' title='bbox 1582 4741 1758 4806; x_wconf 78' lang='lat' dir='ltr'>formidare</span> <span class='ocrx_word' id='word_1_436' title='bbox 1783 4741 2006 4827; x_wconf 90' lang='lat' dir='ltr'>dispendium,</span> <span class='ocrx_word' id='word_1_437' title='bbox 2038 4739 2115 4827; x_wconf 88' lang='lat' dir='ltr'>quia</span> 
     </span>
     <span class='ocr_line' id='line_1_40' title="bbox 464 4843 1681 4942; baseline 0.001 -31"><span class='ocrx_word' id='word_1_438' title='bbox 464 4849 535 4934; x_wconf 89' lang='lat' dir='ltr'>ipse</span> <span class='ocrx_word' id='word_1_439' title='bbox 559 4847 710 4942; x_wconf 88' lang='lat' dir='ltr'>dominus</span> <span class='ocrx_word' id='word_1_440' title='bbox 733 4853 845 4913; x_wconf 88' lang='lat' dir='ltr'>noster</span> <span class='ocrx_word' id='word_1_441' title='bbox 867 4870 1038 4914; x_wconf 89' lang='lat' dir='ltr'>munerum</span> <span class='ocrx_word' id='word_1_442' title='bbox 1062 4843 1193 4916; x_wconf 81' lang='lat' dir='ltr'>suorum</span> <span class='ocrx_word' id='word_1_443' title='bbox 1217 4854 1251 4914; x_wconf 90' lang='lat' dir='ltr'>et</span> <span class='ocrx_word' id='word_1_444' title='bbox 1272 4846 1409 4933; x_wconf 89' lang='lat' dir='ltr'>largitor</span> <span class='ocrx_word' id='word_1_445' title='bbox 1432 4851 1465 4911; x_wconf 94' lang='lat' dir='ltr'>et</span> <span class='ocrx_word' id='word_1_446' title='bbox 1487 4851 1597 4910; x_wconf 89' lang='lat' dir='ltr'>custos</span> <span class='ocrx_word' id='word_1_447' title='bbox 1622 4853 1681 4912; x_wconf 88' lang='lat' dir='ltr'>est.</span> 
     </span>
    </p>
   </div>
   <div class='ocr_carea' id='block_1_5' title="bbox 463 5067 2115 5227">
    <p class='ocr_par' dir='ltr' id='par_1_14' title="bbox 463 5067 2115 5227">
     <span class='ocr_line' id='line_1_41' title="bbox 566 5067 2115 5139; baseline -0.002 -14"><span class='ocrx_word' id='word_1_448' title='bbox 566 5072 666 5128; x_wconf 78' lang='lat' dir='ltr'>lLue.</span> <span class='ocrx_word' id='word_1_449' title='bbox 680 5074 727 5139; x_wconf 90' lang='lat' dir='ltr'>XI,</span> <span class='ocrx_word' id='word_1_450' title='bbox 740 5075 765 5129; x_wconf 84' lang='lat'>8.</span> <span class='ocrx_word' id='word_1_451' title='bbox 852 5073 887 5127; x_wconf 86' lang='grc'>22</span> <span class='ocrx_word' id='word_1_452' title='bbox 905 5073 1049 5134; x_wconf 78' lang='lat' dir='ltr'>Matth.</span> <span class='ocrx_word' id='word_1_453' title='bbox 1064 5073 1086 5126; x_wconf 92' lang='lat'>1.</span> <span class='ocrx_word' id='word_1_454' title='bbox 1173 5072 1208 5125; x_wconf 83' lang='lat'>26</span> <span class='ocrx_word' id='word_1_455' title='bbox 1226 5069 1348 5135; x_wconf 76' lang='lat' dir='ltr'>Lucvl,</span> <span class='ocrx_word' id='word_1_456' title='bbox 1366 5069 1409 5124; x_wconf 87' lang='grc'><strong>38.</strong></span> <span class='ocrx_word' id='word_1_457' title='bbox 1462 5069 1562 5124; x_wconf 77' lang='lat' dir='ltr'>March.</span> <span class='ocrx_word' id='word_1_458' title='bbox 1574 5069 1634 5136; x_wconf 88' lang='lat' dir='ltr'>Vll,</span> <span class='ocrx_word' id='word_1_459' title='bbox 1647 5070 1672 5124; x_wconf 89' lang='grc'>2.</span> <span class='ocrx_word' id='word_1_460' title='bbox 1758 5069 1792 5123; x_wconf 90' lang='lat'>31</span> <span class='ocrx_word' id='word_1_461' title='bbox 1813 5069 1857 5123; x_wconf 88' lang='lat' dir='ltr'>Pe.</span> <span class='ocrx_word' id='word_1_462' title='bbox 1870 5068 1994 5134; x_wconf 85' lang='lat' dir='ltr'>XLVIII,</span> <span class='ocrx_word' id='word_1_463' title='bbox 2014 5067 2055 5122; x_wconf 82' lang='lat' dir='ltr'>ll.</span> <span class='ocrx_word' id='word_1_464' title='bbox 2075 5068 2115 5122; x_wconf 80' lang='lat'>18.</span> 
     </span>
     <span class='ocr_line' id='line_1_42' title="bbox 463 5157 1485 5227; baseline -0.003 -12"><span class='ocrx_word' id='word_1_465' title='bbox 463 5161 498 5216; x_wconf 88' lang='grc'>33</span> <span class='ocrx_word' id='word_1_466' title='bbox 518 5162 562 5216; x_wconf 86' lang='lat' dir='ltr'>Pe.</span> <span class='ocrx_word' id='word_1_467' title='bbox 581 5161 689 5227; x_wconf 84' lang='lat' dir='ltr'>LXXV,</span> <span class='ocrx_word' id='word_1_468' title='bbox 706 5164 732 5217; x_wconf 89' lang='lat'>6.</span> <span class='ocrx_word' id='word_1_469' title='bbox 818 5163 851 5216; x_wconf 70' lang='lat'>31</span> <span class='ocrx_word' id='word_1_470' title='bbox 871 5161 972 5216; x_wconf 86' lang='lat' dir='ltr'>Mattb.</span> <span class='ocrx_word' id='word_1_471' title='bbox 990 5160 1064 5226; x_wconf 87' lang='lat' dir='ltr'>XIX,</span> <span class='ocrx_word' id='word_1_472' title='bbox 1082 5160 1124 5215; x_wconf 86' lang='grc'>29.</span> <span class='ocrx_word' id='word_1_473' title='bbox 1210 5158 1244 5213; x_wconf 89' lang='grc'><strong>38</strong></span> <span class='ocrx_word' id='word_1_474' title='bbox 1262 5157 1363 5212; x_wconf 83' lang='lat' dir='ltr'>Matth.</span> <span class='ocrx_word' id='word_1_475' title='bbox 1378 5157 1425 5224; x_wconf 92' lang='lat' dir='ltr'>Vl,</span> <span class='ocrx_word' id='word_1_476' title='bbox 1445 5157 1485 5212; x_wconf 83' lang='lat'>19.</span> 
     </span>
    </p>
   </div>
   <div class='ocr_carea' id='block_1_6' title="bbox 457 5293 2169 5805">
    <p class='ocr_par' dir='ltr' id='par_1_15' title="bbox 457 5293 2169 5805">
     <span class='ocr_line' id='line_1_43' title="bbox 566 5293 2116 5371; baseline -0.005 -17"><span class='ocrx_word' id='word_1_477' title='bbox 566 5302 583 5354; x_wconf 83' lang='lat'><strong>2</strong></span> <span class='ocrx_word' id='word_1_478' title='bbox 601 5301 704 5371; x_wconf 87' lang='lat' dir='ltr'>initum]</span> <span class='ocrx_word' id='word_1_479' title='bbox 718 5304 869 5368; x_wconf 78' lang='lat' dir='ltr'>Mommsen,</span> <span class='ocrx_word' id='word_1_480' title='bbox 886 5304 911 5355; x_wconf 94' lang='lat' dir='ltr'>id</span> <span class='ocrx_word' id='word_1_481' title='bbox 930 5302 1009 5370; x_wconf 82' lang='lat' dir='ltr'>(corr.</span> <span class='ocrx_word' id='word_1_482' title='bbox 1026 5303 1054 5353; x_wconf 92' lang='lat' dir='ltr'>in</span> <span class='ocrx_word' id='word_1_483' title='bbox 1069 5298 1122 5366; x_wconf 64' lang='grc' dir='ltr'>θ’)</span> <span class='ocrx_word' id='word_1_484' title='bbox 1141 5301 1219 5352; x_wconf 84' lang='lat' dir='ltr'>istum</span> <span class='ocrx_word' id='word_1_485' title='bbox 1235 5295 1269 5362; x_wconf 93' lang='lat' dir='ltr'>G,</span> <span class='ocrx_word' id='word_1_486' title='bbox 1287 5299 1314 5350; x_wconf 86' lang='lat' dir='ltr'>in</span> <span class='ocrx_word' id='word_1_487' title='bbox 1332 5314 1373 5350; x_wconf 86' lang='lat' dir='ltr'>me</span> <span class='ocrx_word' id='word_1_488' title='bbox 1390 5299 1469 5351; x_wconf 83' lang='lat' dir='ltr'>istum</span> <span class='ocrx_word' id='word_1_489' title='bbox 1482 5300 1632 5367; x_wconf 68' lang='lat' dir='ltr'>Isrltjobanc</span> <span class='ocrx_word' id='word_1_490' title='bbox 1736 5297 1753 5350; x_wconf 89' lang='lat'><strong>3</strong></span> <span class='ocrx_word' id='word_1_491' title='bbox 1770 5293 1940 5350; x_wconf 85' lang='lat' dir='ltr'>lormidatsG</span> <span class='ocrx_word' id='word_1_492' title='bbox 2043 5295 2061 5347; x_wconf 80' lang='grc' dir='ltr'><strong>ὁ</strong></span> <span class='ocrx_word' id='word_1_493' title='bbox 2078 5296 2116 5346; x_wconf 95' lang='lat' dir='ltr'>in·</span> 
     </span>
     <span class='ocr_line' id='line_1_44' title="bbox 463 5378 2114 5460; baseline -0.006 -18"><span class='ocrx_word' id='word_1_494' title='bbox 463 5390 594 5460; x_wconf 84' lang='lat' dir='ltr'>dulgetur]</span> <span class='ocrx_word' id='word_1_495' title='bbox 617 5392 744 5456; x_wconf 76' lang='lat' dir='ltr'>Gens‘rim,</span> <span class='ocrx_word' id='word_1_496' title='bbox 760 5392 918 5458; x_wconf 86' lang='lat' dir='ltr'>intellegitur</span> <span class='ocrx_word' id='word_1_497' title='bbox 938 5387 969 5442; x_wconf 89' lang='lat' dir='ltr'>G·</span> <span class='ocrx_word' id='word_1_498' title='bbox 1060 5387 1291 5443; x_wconf 77' lang='lat' dir='ltr'>bescessitndinis</span> <span class='ocrx_word' id='word_1_499' title='bbox 1309 5387 1373 5438; x_wconf 83' lang='lat' dir='ltr'>coci.</span> <span class='ocrx_word' id='word_1_500' title='bbox 1391 5386 1542 5454; x_wconf 65' lang='lat' dir='ltr'>letr&#39;olram</span> <span class='ocrx_word' id='word_1_501' title='bbox 1636 5384 1862 5454; x_wconf 87' lang='lat' dir='ltr'>9pollitacionem</span> <span class='ocrx_word' id='word_1_502' title='bbox 1882 5379 1908 5436; x_wconf 92' lang='lat' dir='ltr'><em>G</em></span> <span class='ocrx_word' id='word_1_503' title='bbox 2007 5380 2040 5433; x_wconf 90' lang='grc'>12</span> <span class='ocrx_word' id='word_1_504' title='bbox 2057 5378 2114 5447; x_wconf 60' lang='lat' dir='ltr'>c—ps]</span> 
     </span>
     <span class='ocr_line' id='line_1_45' title="bbox 457 5463 2114 5547; baseline -0.007 -17"><span class='ocrx_word' id='word_1_505' title='bbox 457 5482 518 5547; x_wconf 82' lang='lat' dir='ltr'>sere</span> <span class='ocrx_word' id='word_1_506' title='bbox 535 5480 637 5530; x_wconf 68' lang='lat' dir='ltr'>errarat</span> <span class='ocrx_word' id='word_1_507' title='bbox 656 5476 682 5530; x_wconf 98' lang='lat' dir='ltr'><em>G</em></span> <span class='ocrx_word' id='word_1_508' title='bbox 799 5476 830 5529; x_wconf 87' lang='lat'>13</span> <span class='ocrx_word' id='word_1_509' title='bbox 848 5479 1008 5530; x_wconf 79' lang='lat' dir='ltr'>uoluntarias</span> <span class='ocrx_word' id='word_1_510' title='bbox 1024 5473 1050 5530; x_wconf 92' lang='lat' dir='ltr'><em>G</em></span> <span class='ocrx_word' id='word_1_511' title='bbox 1169 5473 1202 5526; x_wconf 82' lang='lat'>14</span> <span class='ocrx_word' id='word_1_512' title='bbox 1219 5475 1417 5527; x_wconf 72' lang='lat' dir='ltr'>commendatas</span> <span class='ocrx_word' id='word_1_513' title='bbox 1434 5470 1460 5527; x_wconf 93' lang='lat' dir='ltr'><em>G</em></span> <span class='ocrx_word' id='word_1_514' title='bbox 1577 5472 1609 5526; x_wconf 90' lang='grc'>16</span> <span class='ocrx_word' id='word_1_515' title='bbox 1627 5475 1743 5540; x_wconf 87' lang='lat' dir='ltr'>ingerere</span> <span class='ocrx_word' id='word_1_516' title='bbox 1762 5468 1789 5523; x_wconf 86' lang='lat' dir='ltr'><em>G</em></span> <span class='ocrx_word' id='word_1_517' title='bbox 1901 5469 1936 5523; x_wconf 88' lang='grc'>23</span> <span class='ocrx_word' id='word_1_518' title='bbox 1952 5469 2067 5522; x_wconf 84' lang='lat' dir='ltr'>ascendit</span> <span class='ocrx_word' id='word_1_519' title='bbox 2088 5463 2114 5519; x_wconf 88' lang='lat' dir='ltr'><em>G</em></span> 
     </span>
     <span class='ocr_line' id='line_1_46' title="bbox 464 5553 2116 5630; baseline -0.009 -12"><span class='ocrx_word' id='word_1_520' title='bbox 464 5565 498 5618; x_wconf 84' lang='grc'>26</span> <span class='ocrx_word' id='word_1_521' title='bbox 516 5561 698 5618; x_wconf 88' lang='lat' dir='ltr'>mensuramG</span> <span class='ocrx_word' id='word_1_522' title='bbox 784 5563 819 5616; x_wconf 84' lang='grc'>29</span> <span class='ocrx_word' id='word_1_523' title='bbox 836 5567 962 5618; x_wconf 86' lang='lat' dir='ltr'>discendit</span> <span class='ocrx_word' id='word_1_524' title='bbox 973 5562 1007 5630; x_wconf 90' lang='lat' dir='ltr'>G,</span> <span class='ocrx_word' id='word_1_525' title='bbox 1024 5565 1131 5616; x_wconf 89' lang='lat' dir='ltr'>dicedit</span> <span class='ocrx_word' id='word_1_526' title='bbox 1142 5563 1206 5615; x_wconf 82' lang='lat' dir='ltr'>coni.</span> <span class='ocrx_word' id='word_1_527' title='bbox 1219 5561 1363 5614; x_wconf 78' lang='lat' dir='ltr'>Mommsen</span> <span class='ocrx_word' id='word_1_528' title='bbox 1448 5559 1482 5612; x_wconf 86' lang='lat'>33</span> <span class='ocrx_word' id='word_1_529' title='bbox 1495 5557 1657 5614; x_wconf 88' lang='lat' dir='ltr'>discenditG</span> <span class='ocrx_word' id='word_1_530' title='bbox 1742 5555 1777 5608; x_wconf 86' lang='lat'>34</span> <span class='ocrx_word' id='word_1_531' title='bbox 1788 5556 1888 5625; x_wconf 89' lang='lat' dir='ltr'>omnes]</span> <span class='ocrx_word' id='word_1_532' title='bbox 1902 5557 1952 5608; x_wconf 88' lang='lat' dir='ltr'>uiri</span> <span class='ocrx_word' id='word_1_533' title='bbox 1964 5555 2027 5607; x_wconf 84' lang='lat' dir='ltr'>odd.</span> <span class='ocrx_word' id='word_1_534' title='bbox 2043 5553 2116 5620; x_wconf 73' lang='lat' dir='ltr'>Vulp.</span> 
     </span>
     <span class='ocr_line' id='line_1_47' title="bbox 464 5637 2169 5719; baseline -0.008 -14"><span class='ocrx_word' id='word_1_535' title='bbox 464 5651 500 5719; x_wconf 83' lang='lat' dir='ltr'>in]</span> <span class='ocrx_word' id='word_1_536' title='bbox 525 5653 587 5705; x_wconf 88' lang='lat' dir='ltr'>add.</span> <span class='ocrx_word' id='word_1_537' title='bbox 604 5652 686 5718; x_wconf 78' lang='lat' dir='ltr'>Vclp,</span> <span class='ocrx_word' id='word_1_538' title='bbox 708 5669 756 5704; x_wconf 85' lang='lat' dir='ltr'>om.</span> <span class='ocrx_word' id='word_1_539' title='bbox 777 5648 802 5702; x_wconf 91' lang='lat' dir='ltr'><em>G</em></span> <span class='ocrx_word' id='word_1_540' title='bbox 911 5650 945 5702; x_wconf 87' lang='grc'><strong>37</strong></span> <span class='ocrx_word' id='word_1_541' title='bbox 969 5648 1102 5718; x_wconf 89' lang='lat' dir='ltr'>centuplo]</span> <span class='ocrx_word' id='word_1_542' title='bbox 1125 5647 1290 5715; x_wconf 62' lang='lat' dir='ltr'>bajolans,</span> <span class='ocrx_word' id='word_1_543' title='bbox 1315 5647 1465 5715; x_wconf 86' lang='lat' dir='ltr'>centuplum</span> <span class='ocrx_word' id='word_1_544' title='bbox 1486 5644 1512 5700; x_wconf 94' lang='lat' dir='ltr'><em>G</em></span> <span class='ocrx_word' id='word_1_545' title='bbox 1624 5645 1659 5698; x_wconf 83' lang='lat'>38</span> <span class='ocrx_word' id='word_1_546' title='bbox 1681 5664 1697 5697; x_wconf 84' lang='lat' dir='ltr'>a</span> <span class='ocrx_word' id='word_1_547' title='bbox 1714 5642 1793 5712; x_wconf 85' lang='lat' dir='ltr'>tinea]</span> <span class='ocrx_word' id='word_1_548' title='bbox 1814 5645 1945 5708; x_wconf 71' lang='lat' dir='ltr'>Cantetur,</span> <span class='ocrx_word' id='word_1_549' title='bbox 1965 5649 2073 5695; x_wconf 74' lang='lat' dir='ltr'>cotonea</span> <span class='ocrx_word' id='word_1_550' title='bbox 2092 5637 2119 5693; x_wconf 92' lang='lat' dir='ltr'><em>G</em></span> <span class='ocrx_word' id='word_1_551' title='bbox 2167 5652 2169 5656; x_wconf 59' lang='lat'><em>⁴</em></span> 
     </span>
     <span class='ocr_line' id='line_1_48' title="bbox 464 5731 1268 5805; baseline -0.011 -11"><span class='ocrx_word' id='word_1_552' title='bbox 464 5743 636 5794; x_wconf 85' lang='lat' dir='ltr'>exterminum</span> <span class='ocrx_word' id='word_1_553' title='bbox 655 5737 681 5791; x_wconf 92' lang='lat' dir='ltr'><em>G</em></span> <span class='ocrx_word' id='word_1_554' title='bbox 784 5737 818 5790; x_wconf 85' lang='grc'>33</span> <span class='ocrx_word' id='word_1_555' title='bbox 836 5747 908 5791; x_wconf 86' lang='lat' dir='ltr'>custo</span> <span class='ocrx_word' id='word_1_556' title='bbox 928 5735 954 5790; x_wconf 90' lang='lat' dir='ltr'><em>G</em></span> <span class='ocrx_word' id='word_1_557' title='bbox 1023 5735 1070 5805; x_wconf 88' lang='lat' dir='ltr'>est]</span> <span class='ocrx_word' id='word_1_558' title='bbox 1090 5738 1147 5790; x_wconf 85' lang='lat' dir='ltr'>finit</span> <span class='ocrx_word' id='word_1_559' title='bbox 1164 5731 1268 5787; x_wconf 72' lang='lat' dir='ltr'>adad</span> 
     </span>
    </p>
   </div>
   <div class='ocr_carea' id='block_1_7' title="bbox 0 0 2296 6434">
    <p class='ocr_par' dir='ltr' id='par_1_16' title="bbox 0 0 2296 6434">
     <span class='ocr_line' id='line_1_49' title="bbox 0 0 2296 6434; baseline 0 0"><span class='ocrx_word' id='word_1_560' title='bbox 0 0 2296 6434; x_wconf 95' lang='lat' dir='ltr'> </span> 
     </span>
    </p>
   </div>
  </div>
 </body>
</html>
