4560 6434
770 422 878 479 LIBER
896 425 917 490 I,
942 425 1006 479 XIV
1024 425 1041 494 ἐ
1060 427 1074 480 1
1093 453 1127 466 -
1145 423 1237 479 XVIII
1255 424 1271 493 ᾖ
1290 425 1313 480 1.
1802 429 1864 491 309

220 601 371 688 templor,
401 600 499 664 etiarn
524 598 709 664 carnalibus
732 621 866 665 cernere
890 601 1126 686 concupiscam.
1164 622 1260 687 quam
1277 599 1318 664 ob
1337 621 1407 664 rem
1431 601 1521 666 salve
1538 600 1571 664 in
1588 598 1718 665 Christo
1734 599 1865 665 domino
1899 602 1918 664 3
1948 595 1982 667 G

221 705 395 792 plurimum
419 701 547 784 dicens,
575 704 750 789 specialius
773 723 907 790 quaeso,
936 711 972 768 ut
995 726 1060 769 una
1083 727 1156 770 cum
1179 704 1298 769 domno
1322 725 1393 769 meo
1423 706 1593 790 episcopo,
1621 724 1719 789 quem
1742 704 1783 768 ad
1806 726 1866 769 nos

219 816 392 874 venturum
415 829 473 893 pro
498 828 558 871 sua
580 806 772 892 dignatione
796 806 932 889 confido,
955 807 1050 873 vobis
1073 809 1114 872 ad
1135 808 1351 874 humilitatem
1368 815 1512 873 nostram
1532 807 1725 872 visitandam
1741 808 1866 873 faciatis

219 913 385 992 iniuriam,
414 917 451 976 ut
477 911 640 997 possimus
671 911 702 974 in
733 932 833 975 uuum
860 912 957 998 positi
987 913 1127 976 fructum
1155 913 1196 977 dc
1227 918 1338 978 nostra
1364 913 1503 978 invicem
1526 933 1644 999 capere
1668 914 1866 998 praesentia,

179 1035 191 1072 ὁ
219 1018 296 1082 dum
318 1016 515 1081 sciscitantis
538 1016 676 1081 intentio
700 1015 737 1079 Iit
760 1015 992 1102 respondentis
1023 1017 1163 1082 eruditio
1195 1025 1228 1082 ct
1257 1024 1389 1082 mutuus
1412 1016 1551 1102 quodam
1574 1015 1669 1080 modo
1701 1015 1869 1101 profectus

220 1120 375 1186 discentis
398 1119 542 1185 efficitur
564 1126 598 1184 et
621 1119 779 1187 docentis.
824 1142 899 1207 pax,
922 1143 1000 1208 pax,
1023 1141 1098 1207 pax.

994 1360 1105 1426 XVII.

261 1498 421 1565 DOthO
445 1497 623 1562 Anlnan
652 1497 770 1564 SUAE
799 1498 857 1562 ET
886 1499 1016 1566 TOTIS
1044 1500 1093 1565 IN
1116 1499 1312 1565 CHRISTO
1336 1499 1515 1586 DOMINO
1538 1499 1830 1566 DILEOTIONIS

306 1601 577 1684 VISCERIBUS
595 1601 871 1668 EXOOLENDO
887 1602 1093 1696 POMERIO
1111 1603 1281 1668 ΑΒΒΑΤΙ
1297 1602 1513 1669 RURIOIUS
1529 1603 1787 1670 EPISOOPUS.

170 1775 195 1814 ¹⁰
325 1735 490 1833 Scaurus
515 1772 579 1848 ert,
603 1767 688 1830 sicut
711 1767 775 1853 ipsi
797 1766 914 1831 melius
937 1767 1055 1830 nostis:
1084 1767 1181 1832 mihi
1203 1768 1393 1848 vindicta,
1427 1789 1497 1854 ego
1520 1768 1749 1846 retribuam,
1772 1766 1872 1832 dicit
1908 1771 1919 1830 1

221 1870 416 1938 dominus.
451 1871 516 1935 iam
539 1891 596 1934 vos
619 1869 698 1934 mihi
720 1869 840 1955 siquid
856 1870 1035 1956 imputatis,
1058 1872 1228 1956 ignoscite,
1253 1872 1328 1958 quia
1345 1873 1464 1954 sciatis,
1487 1871 1654 1937 dominum
1671 1871 1867 1937 vindicasse.

222 1981 289 2040 tam
321 1976 402 2040 aviis
433 1995 506 2038 esse
538 1993 597 2038 uos
624 1973 798 2038 itineribus
830 1975 987 2040 noveritis
1015 1976 1049 2039 iu
1079 1983 1144 2039 tam
1176 1975 1305 2040 abditas
1336 1976 1528 2041 solitudines
1561 1976 1724 2054 inductos,
1756 1981 1792 2039 ut
1815 1996 1872 2040 cas

222 2085 375 2144 retexere
399 2078 526 2142 animus
550 2077 691 2158 horreat,
714 2097 807 2140 mens
829 2078 979 2163 refugiat,
1003 2099 1109 2143 sermo
1127 2088 1316 2164 conquest.
1354 2081 1549 2145 incurrimus
1565 2101 1705 2166 namque
1723 2079 1872 2144 semitam
1905 2080 1925 2140 1

223 2183 426 2248 obstructam
442 2182 552 2261 ramis,
576 2189 650 2267 spat
652 2180 682 2244 io
699 2182 918 2262 constrictam,
940 2183 1043 2269 spinis
1060 2183 1189 2263 hirtam,
1211 2184 1366 2271 stirpibus
1378 2185 1540 2268 clausam,
1557 2185 1698 2250 obsitam
1714 2183 1873 2262 sentibus,

171 2301 195 2339 ¹⁵
224 2287 288 2386 situ
311 2306 476 2378 asperam,
509 2275 662 2349 saxorum
692 2285 869 2370 aggeribus
899 2285 1103 2371 impeditam,
1134 2287 1281 2352 radicum
1311 2289 1493 2354 conexione
1524 2294 1737 2367 constratam,
1771 2307 1873 2350 caeno

223 2390 465 2475 voraginosam,
497 2395 533 2452 ut
562 2389 593 2470 in
623 2395 690 2452 tam
713 2389 812 2452 variis
842 2394 974 2475 tamque
1006 2391 1243 2477 multiplicibus
1273 2392 1366 2456 malis
1393 2414 1459 2457 uon
1487 2399 1576 2458 esset
1607 2392 1749 2478 simplex
1771 2390 1874 2455 forma

225 2493 379 2581 periculi,
411 2492 489 2572 dum
516 2493 717 2558 caballorum
744 2493 846 2579 pedes
875 2493 1021 2557 radicum
1046 2493 1147 2558 virtus
1179 2495 1306 2560 detinet
1333 2503 1366 2560 et
1352 2497 1448 2561 tsoli
1471 2497 1612 2582 putredo
1635 2517 1700 2560 nou
1725 2493 1875 2572 sustinet,

222 2598 386 2662 montibus
409 2618 486 2662 vero
511 2597 556 2660 ita
580 2596 613 2660 in
637 2596 776 2661 sublime
799 2602 982 2702 porrectam
1007 2604 1040 2660 et
1062 2598 1234 2662 vallibus
1226 2620 1259 2663 m
1282 2600 1442 2685 profundo
1466 2601 1661 2681 demersam,
1684 2604 1722 2662 ut
1737 2619 1797 2663 nos
1815 2617 1876 2682 per

223 2703 385 2768 undosum
402 2723 503 2784 mare,
526 2701 746 2766 excitantibus
763 2723 837 2765 eum
855 2708 1023 2767 ventorum
1041 2703 1255 2767 saevientium
1278 2703 1399 2783 flabris,
1424 2711 1537 2790 erepto
1561 2703 1602 2768 ab
1627 2702 1730 2768 oculis
1754 2701 1874 2766 nostris

173 2819 199 2858 2⁰
225 2775 354 2872 nebulis
385 2827 423 2869 ac
451 2805 592 2870 nubibus
622 2805 690 2888 die,
724 2806 787 2869 iter
814 2826 913 2890 agere
945 2806 1168 2871 crederemus:
1213 2807 1304 2893 quia,
1340 2808 1468 2872 etiarnsi
1501 2807 1622 2871 mundo
1652 2806 1762 2870 radius
1797 2805 1924 2868 solis3

224 2911 358 2991 inluxit,
391 2909 432 2973 ad
461 2931 520 2974 uos
549 2931 628 2995 prae
657 2910 818 2974 densitate
846 2911 987 2974 nemoris
1011 2909 1196 2997 splendor
1188 2913 1290 2996 rpsius
1315 2917 1348 2974 et
1371 2911 1459 2974 calor
1481 2910 1654 2996 pervenire
1677 2930 1741 2974 non
1763 2907 1874 2994 valuit,
1953 2961 1956 2968 .

227 3013 304 3078 dum
328 3035 387 3078 nos
411 3015 457 3078 ita
479 3035 539 3100 per
560 3014 623 3077 iter
645 3013 822 3078 infelicium
848 3013 968 3078 filicum
992 3016 1173 3101 proceritas
1190 3015 1308 3099 premit
1325 3021 1357 3078 et
1374 3015 1419 3077 sic
1436 3013 1603 3078 inundatio
1619 3013 1703 3080 roris
1719 2989 1874 3099 aspergit,

224 3125 261 3182 ut
276 3119 433 3183 contracti
445 3117 566 3202 frigore
580 3119 633 3183 vel
649 3120 753 3182 coacti
769 3117 975 3203 apricitatem
990 3119 1074 3203 ignis
1091 3118 1222 3204 plurimi
1238 3118 1354 3183 diebus
1371 3118 1616 3204 cynocaumatis
1629 3135 1873 3202 quaereremus.

226 3222 283 3287 sed
315 3243 388 3286 curn
417 3221 458 3285 ad
489 3223 595 3286 locum
626 3221 667 3285 ad
696 3242 792 3308 quem
828 3222 986 3287 tendebat
1019 3223 1157 3288 intentio
1186 3223 1469 3308 pervenissemus,
1504 3222 1617 3286 vallati
1652 3221 1745 3305 aquis
1778 3224 1875 3302 atque
1908 3222 1928 3280 4

171 3342 196 3381 2⁵
223 3329 399 3393 madefacti
423 3327 475 3390 siti
499 3327 686 3414 occepimus
716 3327 880 3414 deperire,
913 3327 989 3411 quia
1019 3348 1092 3391 cum
1123 3334 1226 3407 esset,
1257 3333 1293 3390 ut
1320 3325 1476 3402 diximus,
1507 3327 1594 3410 rigor
1622 3325 1654 3388 in
1683 3344 1774 3402 aere,
1807 3327 1877 3385 erat

227 3442 337 3497 tamen
360 3438 455 3517 tepor
479 3432 510 3494 iu
535 3432 634 3502 fonte,
658 3431 738 3496 odor
760 3433 793 3494 in
815 3433 958 3511 flumine,
982 3432 1079 3496 ardor
1101 3433 1134 3497 iu
1158 3454 1282 3518 campo,
1307 3439 1418 3497 aestus
1442 3433 1475 3496 in
1499 3441 1615 3496 castro.
1658 3437 1700 3509 ct,
1723 3436 1759 3492 ut
1782 3428 1875 3492 brevi

229 3558 378 3602 sermone
402 3537 553 3599 universa
577 3535 783 3614 concludam,
813 3521 873 3622 per
900 3537 1000 3601 talem
1028 3519 1113 3600 viam
1141 3559 1201 3602 nos
1233 3538 1297 3602 iter
1325 3538 1432 3621 egisse
1463 3535 1665 3620 cognoscite,
1697 3554 1757 3617 per
1781 3552 1876 3618 quam
2090 3612 2102 3622 ,ἲ

228 3663 289 3706 nec
322 3640 362 3704 ad
395 3638 596 3727 paradisum,
627 3661 689 3704 non
720 3639 825 3704 dicam
854 3640 895 3704 ad
919 3641 1069 3703 exsilium
1094 3641 1263 3726 quisquam
1288 3641 1335 3704 ire
1360 3640 1536 3706 desideret.
1581 3644 1779 3723 quapropter
1802 3636 1878 3722 quia
1909 3637 1928 3696 5

228 3747 448 3814 haecomnia
476 3745 625 3810 domiuus
653 3753 766 3812 noster
793 3754 826 3811 ct
852 3767 904 3811 me
933 3747 1100 3810 incurrere
1132 3753 1164 3808 et
1192 3765 1251 3810 vos
1279 3745 1373 3808 iussit
1402 3742 1558 3822 evadere,
1593 3747 1730 3828 peecata
1757 3762 1831 3804 mea
1859 3760 1878 3802 a

177 3868 202 3907 ³⁰
228 3852 344 3917 vestris
368 3851 492 3914 meritis
516 3852 615 3916 etiam
638 3851 759 3914 visibili
783 3851 899 3915 itinere
923 3850 1126 3928 discernens,
1150 3857 1183 3913 et
1198 3869 1267 3930 vos,
1292 3849 1346 3934 qui
1368 3855 1439 3912 arta
1459 3855 1492 3912 ct
1508 3846 1673 3910 laboriosa
1690 3840 1879 3931 spiritaliter

228 3956 362 4043 pergitis
391 3956 459 4034 via,
494 3955 588 4019 istius
620 3975 684 4021 nou
719 3954 869 4020 inceditis
906 3955 1075 4040 angustias
1105 3962 1142 4017 et
1166 3975 1241 4033 nos,
1278 3952 1332 4038 qui
1361 3953 1428 4015 lata
1459 3958 1492 4014 ct
1524 3951 1670 4037 spatiosa
1700 3954 1876 4013 retrorsum

229 4079 359 4142 semper
380 4059 593 4142 respicientes
615 4058 813 4139 incedimus,
837 4059 932 4123 huius
956 4059 1149 4122 incurrimus
1172 4057 1318 4121 iniurias.
1367 4063 1458 4120 orate
1482 4056 1661 4132 dominum,
1694 4053 1744 4117 cui
1767 4053 1878 4116 omnia

230 4162 401 4248 possibilia
424 4163 625 4240 confitemur,
649 4170 686 4227 ut
708 4163 853 4249 etsi'per
875 4162 1040 4227 diversum
1064 4163 1135 4236 iter,
1159 4159 1200 4224 ad
1223 4182 1321 4224 unam
1345 4181 1403 4223 nos
1427 4167 1536 4223 tamen
1553 4157 1668 4222 urbem
1684 4157 1783 4220 faciat
1801 4176 1878 4218 cou-

229 4265 352 4341 venire,
376 4266 408 4327 in
432 4285 528 4348 quam
552 4287 611 4329 nos
636 4267 864 4332 misericordia
886 4273 995 4352 potest
1018 4265 1149 4346 inferre,
1172 4287 1228 4328 vos
1252 4265 1380 4329 merita.

991 4488 1119 4553 XVHI.
1806 4539 1809 4550 ,

316 4625 590 4691 DULOISSIMO
615 4626 672 4689 ET
696 4625 906 4689 UNANIMO
930 4625 1052 4690 FILIO
1076 4625 1287 4691 OMMATIO
1310 4625 1527 4692 RURIOIUS
1550 4621 1807 4688 EPISOOPUS.

340 4761 406 4854 Ur
436 4813 495 4877 per
524 4790 703 4854 Venerium
738 4789 901 4854 dulcedini
934 4798 1010 4854 tuae
1045 4810 1109 4853 non
1146 4791 1337 4870 scriberem,
1374 4811 1435 4853 non
1469 4787 1699 4873 neglegentiae
1730 4807 1791 4848 nec
1822 4785 1882 4847 irn-
1916 4788 1929 4846 1

232 4896 411 4984 putationis
443 4895 579 4959 alicuius
611 4895 667 4959 sed
701 4894 923 4980 occupationis
954 4895 1057 4959 fuisse
1088 4915 1258 4978 cognosce.
1308 4893 1395 4958 unde
1424 4892 1483 4956 has
1514 4912 1571 4977 per
1598 4891 1764 4955 Amelium
1795 4888 1881 4968 dedi,

337 5104 371 5157 10
389 5102 467 5156 Rom.
487 5101 548 5164 llll,
568 5103 609 5156 13.
694 5101 729 5154 33
748 5101 791 5153 Ps.
805 5099 901 5165 exal,
919 5102 943 5154 3.

334 5223 465 5292 2domno]
480 5225 503 5274 (l
587 5223 1021 5294 ipresentieflmfflasrolhffl
1101 5223 1270 5292 8domnoltl
1352 5224 1571 5277 IOuindictamG
1652 5219 1686 5272 12
1697 5237 1762 5272 auus
1773 5221 1804 5284 0,
1816 5237 1883 5271 corr.

232 5311 264 5364 14
276 5314 429 5366 sensibusfl
534 5311 566 5363 16
585 5313 747 5380 uorcsglia
763 5313 926 5378 l.)nosam(il
1031 5313 1064 5365 18
1077 5313 1249 5365 dimersamG
1353 5311 1386 5362 19
1402 5309 1511 5377 cum]O
1613 5307 1648 5359 22
1666 5304 1772 5373 filicum]
1785 5307 1885 5372 scripsi,

233 5401 336 5451 felicum
352 5401 383 5464 G,
401 5399 514 5450 felicium
529 5400 648 5450 Carisius
717 5399 783 5450 sio
886 5399 921 5451 23
939 5401 1033 5468 frigore
1051 5397 1104 5466 uel]
1124 5401 1154 5462 O,
1172 5402 1301 5466 frigoreuc
1314 5398 1455 5449 Mommsen
1525 5391 1715 5462 quaereremus]
1735 5393 1885 5456 Mcrnnracn,

231 5488 400 5552 qucrimuaG
486 5485 520 5538 24
539 5486 625 5554 quem]
641 5487 724 5537 onaG
810 5485 845 5538 26
864 5489 890 5538 in
903 5490 1013 5540 comite?
1028 5506 1094 5538 corr.
1107 5488 1133 5538 iu
1151 5504 1241 5554 carrrpo
1254 5488 1291 5537 0¹
1380 5483 1409 5534 31
1432 5479 1557 5548 inceditis]
1571 5482 1671 5546 scripsi,
1688 5482 1838 5532 incederetis
1853 5481 1885 5542 G,

231 5574 347 5624 incedere
366 5575 464 5625 dehetis
482 5573 702 5624 omriMonmueea
765 5590 816 5624 non
832 5573 879 5634 θ’,
897 5588 964 5623 corr.
980 5573 1017 5622 0¹
1124 5569 1158 5621 3‘.)
1176 5567 1379 5634 incurrimuslfl
1448 5569 1489 5618 cui
1504 5564 1697 5633 -34merital
1715 5566 1886 5634 infreme?

232 5661 344 5726 repetivit
449 5657 483 5710 33
501 5661 548 5710 etsi
567 5677 611 5727 per
629 5656 770 5725 diuersum]
790 5659 812 5710 ai
830 5674 876 5725 per
894 5659 919 5708 di
937 5677 950 5710 c
968 5678 1035 5711 corr.
1051 5659 1089 5710 0¹
1162 5659 1259 5710 unaG
1362 5653 1396 5706 36
1415 5651 1543 5720 ommutio]
1562 5654 1661 5720 ιοιὶριὶ,
1683 5655 1716 5718 cf.
1732 5654 1806 5720 (ἶνες.
1824 5653 1885 5707 Iler.

231 5745 299 5797 Hira
319 5745 365 5796 Fr,
382 5746 439 5809 III,
455 5751 488 5796 17.
510 5745 543 5810 X,
554 5750 593 5810 31,
611 5750 708 5799 omacio
730 5749 752 5800 G
