4612 6428
432 424 494 488 288
944 421 1075 477 PAUSTI
1093 421 1334 488 ALIORUMQUII
1352 421 1562 478 EPISTULAR

305 585 374 657 GP
430 595 644 680 occupatione
675 597 817 680 castigas
861 602 1009 681 tempera
1042 595 1289 660 immoderatum
1325 597 1543 661 abstinentiae
1573 597 1730 680 rigorem,
1765 598 1821 682 qui
1850 598 1958 662 etiam·
1978 595 2078 662 menti

379 701 566 783 3lgcnerat
589 700 817 776 infirmitatem,
842 719 937 783 quem
962 706 1039 784 puto
1063 699 1136 762 inde
1161 700 1252 763 nasci
1269 699 1355 763 unde
1372 699 1537 764 scribendi
1554 702 1864 786 praesumptionem.
1903 700 2078 785 regredere

431 800 579 865 adriam
603 803 741 887 regiam,
776 804 935 866 nutricem
963 802 1114 867 clationis
1141 802 1255 887 refuge
1279 802 1542 867 sollicitudinem.
1587 810 1636 880 et,
1670 805 1746 889 quia
1772 805 1926 890 legimus:
1965 825 2078 869 man-

431 905 577 969 ducare
602 906 679 970 mel
702 907 868 971 multum
892 927 965 970 non
988 912 1053 968 est
1076 906 1234 982 bonum,
1259 905 1376 990 (magis
1401 906 1484 970 enim
1509 907 1600 970 infiat
1623 928 1737 993 parum
1760 907 1930 972 fundatum
1948 929 2079 973 sensum

431 1009 581 1084 scientia,
609 1030 706 1095 quam
727 1008 905 1096 acdificat),
927 1011 973 1074 ita
996 1030 1075 1074 cave
1098 1010 1230 1073 nimiam
1253 1009 1444 1089 lectionem,
1469 1017 1506 1073 ut
1529 1010 1617 1074 cordi
1640 1032 1754 1096 parum
1779 1012 1892 1098 capaci
1916 1019 2092 1098 tamquam
2122 1025 2134 1060 ὃ

379 1115 420 1175 35
431 1114 551 1198 sumpti
581 1113 825 1179 immoderatius
856 1115 921 1178 vini
953 1114 1171 1199 periculosam
1203 1113 1335 1190 noueris¹
1364 1112 1568 1179 ebrietatem.
1621 1135 1796 1199 numquam
1829 1116 2078 1200 cogitationibus

431 1216 494 1279 tuis
530 1215 659 1296 credas,
696 1216 753 1282 sed
788 1218 894 1302 magis
929 1217 1085 1282 imitanda
1120 1219 1210 1302 legas
1241 1237 1338 1301 quam
1369 1216 1510 1301 legenda
1541 1220 1730 1284 conscribas
1761 1228 1794 1284 et
1823 1221 1856 1284 in
1885 1226 1993 1284 mente
2023 1228 2080 1286 tua

431 1321 574 1406 loquaris
605 1319 647 1384 ad
674 1320 853 1386 dominum:
889 1323 927 1385 in
960 1321 1075 1386 corde
1104 1343 1193 1385 meo
1221 1319 1412 1384 abscondi
1443 1320 1604 1406 eloquIa
1632 1330 1714 1398 tua,
1745 1329 1785 1387 ut
1813 1345 1888 1387 non
1916 1345 2080 1409 peccem

380 1425 516 1489 36tibi.
555 1430 588 1489 et
612 1425 638 1488 si
662 1423 803 1489 evadere
826 1424 972 1510 pericula
995 1447 1058 1490 non
1082 1424 1202 1489 deforis
1226 1424 1412 1509 ingruentia
1435 1423 1493 1489 sed
1517 1426 1604 1488 intua
1625 1435 1784 1512 concepta
1798 1426 1977 1504 desideras,
2001 1427 2081 1508 nihil

431 1530 488 1594 tibi
519 1529 630 1593 utilius
661 1530 761 1609 scias,
796 1550 894 1614 quam
928 1536 964 1593 ut
992 1530 1051 1594 sub
1080 1531 1189 1613 aliquo
1221 1528 1448 1614 probatissimo
1479 1528 1598 1593 abbate
1630 1529 1728 1593 vitam
1764 1537 1851 1595 tuam
1887 1531 2013 1596 munias
2038 1552 2080 1596 ac

431 1633 617 1698 voluntates
641 1641 714 1716 tuas
739 1634 876 1698 senioris
900 1633 1027 1718 legibus
1058 1633 1168 1696 tradas
1196 1641 1245 1710 et,
1274 1639 1310 1696 ut
1337 1631 1517 1696 adversarii
1546 1632 1681 1696 insidias
1710 1635 1817 1718 possis
1848 1655 2017 1720 superare,
2048 1643 2081 1708 te

381 1738 558 1801 3'ltimeas.
610 1738 838 1824 scripturulam
866 1739 972 1823 ipsam
1003 1735 1223 1813 retInendam,
1261 1737 1359 1800 immo
1393 1735 1658 1822 supprimendam
1693 1739 1820 1823 putavi,
1854 1760 1896 1803 ne
1929 1739 2015 1804 ultra
2048 1739 2081 1802 in

381 1842 422 1906 38
434 1841 570 1905 alicuius
594 1841 726 1906 alterius
752 1841 912 1918 catholici,
936 1842 990 1926 qui
1014 1848 1046 1905 te
1071 1841 1177 1906 minus
1201 1838 1363 1924 diligeret,
1392 1861 1522 1903 manum
1547 1847 1580 1904 ct
1603 1843 1832 1906 conscientiam
1858 1843 1992 1908 veniret.
2039 1864 2082 1907 ex

432 1945 495 2008 hoc
523 1951 633 2010 autem
665 1947 788 2031 poteris
817 1966 995 2030 agnoscere
1024 1965 1105 2009 sana
1133 1965 1205 2009 csse
1236 1942 1350 2006 intIma
1379 1943 1484 2007 cordis
1513 1944 1572 2016 tui,
1604 1944 1631 2006 si
1661 1943 1767 2008 adhuc
1799 1947 1891 2030 quasi
1921 1947 2003 2010 liber
2028 1967 2080 2010 mc

435 2049 591 2113 cultorem
615 2055 707 2112 tuum
731 2050 896 2114 humiliter
919 2056 952 2114 et
974 2049 1158 2114 amabiliter
1175 2056 1436 2112 commonentem
1453 2047 1592 2113 sollicite
1609 2055 1642 2112 et
1657 2048 1797 2114 libenter
1813 2050 1967 2114 audieris.
2004 2056 2079 2115 ante
2123 2067 2135 2102 τι

432 2153 723 2237 interrogationem
753 2154 882 2218 incauta
911 2154 1072 2218 videbitur
1106 2152 1208 2216 luisse
1239 2151 1423 2238 persuasio,
1459 2159 1534 2235 post
1568 2151 1815 2237 responsionem
1849 2154 2091 2218 inexcusabilis

382 2257 606 2343 tbappcrebit
629 2257 776 2321 intentio.
824 2257 909 2342 quod
932 2259 960 2322 si
982 2258 1067 2321 inter
1090 2256 1172 2321 hacc
1196 2254 1318 2340 aliquid
1341 2254 1429 2333 mihi,
1454 2255 1510 2340 qui
1533 2257 1674 2320 austeris
1699 2256 1802 2341 magis
1819 2279 1916 2342 quam
1934 2257 2081 2335 dulcibus

435 2361 544 2425 sanari
574 2360 715 2424 animam
744 2367 834 2424 tuam
865 2362 977 2447 cupio,
1012 2359 1187 2426 credideris
1217 2357 1457 2445 imputandum,
1491 2365 1656 2424 memento
1689 2360 1810 2424 osculis
1839 2361 1924 2425 male
1955 2360 2083 2426 blandis

435 2464 592 2550 praeponi
615 2464 751 2528 r'ulnera
774 2465 928 2529 caritatis.
1003 2553 1005 2556 Ι

1196 2671 1323 2735 XVIII.

349 2817 383 2889 G
493 2826 672 2892 DOMINO
694 2825 1051 2892 DEVINOTISSIMO
1075 2826 1133 2891 ΕΤ
1157 2824 1261 2890 ΜΙΗΙ
1286 2823 1495 2890 SPECIALI
1518 2825 1724 2890 AFFECTU
1748 2827 2029 2893 VENERANDO

596 2931 655 2996 AC
681 2930 980 2996 SUSPICIENDO
1004 2930 1171 2995 FRATRI
1194 2928 1364 2995 LUCIDO
1391 2928 1687 2994 PRESBYTERO
1711 2929 1926 2996 FAUSTUS.

408 3111 420 3169 l
543 3081 696 3177 Gnarum
724 3111 841 3175 caritas
871 3117 922 3175 est
949 3132 1064 3197 parum
1092 3112 1178 3175 cauti
1209 3111 1319 3174 fratris
1343 3131 1486 3174 errorem
1510 3131 1569 3194 per
1592 3107 1644 3173 dei
1668 3111 1807 3194 gratiam
1832 3118 1865 3175 et
1888 3111 2082 3175 adiutorium

436 3218 539 3303 magis
564 3216 647 3281 vello
671 3237 784 3280 curare
809 3237 921 3301 quam,
951 3216 1035 3280 sicut
1064 3217 1180 3279 summi
1211 3215 1376 3279 antistites
1405 3213 1613 3292 meditantur,
1647 3214 1688 3277 ab
1718 3214 1843 3276 unitate
1873 3213 2085 3301 suspendere.

435 3321 510 3408 quid
534 3341 666 3408 possum
689 3318 730 3389 de
755 3319 815 3382 hoc
839 3341 951 3390 sensu,
977 3320 1060 3384 sicut
1083 3321 1146 3398 vis,
1177 3341 1248 3384 cum
1273 3319 1486 3382 unanimitate
1509 3325 1566 3382 tua
1589 3338 1648 3404 per
1671 3319 1796 3382 litteras
1819 3319 1923 3403 loqui,
1953 3340 2027 3383 cum
2050 3326 2083 3384 te
2113 3335 2118 3349 ·

436 3445 592 3511 praesens
621 3424 724 3487 multa
747 3427 780 3487 et
802 3421 922 3486 blanda
945 3431 978 3487 et
1001 3423 1115 3488 humili
1138 3424 1353 3488 collocutione
1377 3441 1554 3507 numquam
1578 3423 1740 3507 potuerim
1763 3420 1804 3486 ad
1827 3423 1912 3485 viam
1937 3423 2085 3488 veritatis

407 3529 622 3595 tattraheret
660 3527 832 3612 loquentes
856 3549 933 3612 ergo
958 3528 999 3592 de
1023 3529 1129 3613 gratia
1152 3527 1206 3592 dei
1229 3535 1262 3592 et
1285 3527 1493 3592 oboedientia
1515 3527 1654 3591 bominis
1671 3527 1704 3591 id
1724 3526 1921 3592 omnimodo
1938 3535 2083 3593 statuere

435 3634 607 3710 debemus,
642 3637 679 3695 ut
707 3650 812 3714 neque
843 3632 937 3717 proni
971 3631 1004 3694 in
1034 3632 1197 3696 sinistram
1233 3653 1338 3716 neque
1376 3632 1553 3717 importuni
1585 3630 1616 3694 in
1647 3631 1817 3695 dexteram
1853 3632 1944 3716 regia
1980 3633 2085 3718 magis

406 3736 623 3822 3gradiamur
653 3735 715 3798 via.
764 3734 844 3798 illud
875 3741 984 3798 autem
1016 3719 1259 3799 venerationem
1288 3741 1377 3799 tuam
1409 3735 1534 3800 dixisse
1570 3736 1705 3799 miratus
1739 3757 1824 3814 sum,
1859 3735 1945 3821 quod
1978 3736 2086 3800 nullus

436 3860 590 3925 umquam
614 3838 674 3902 sub
697 3839 850 3923 religiosa
874 3839 1079 3924 professione
1103 3845 1217 3902 contra
1242 3839 1436 3902 catholicam
1458 3838 1556 3902 fidem
1579 3838 1632 3903 vol
1656 3839 1824 3924 scripserit
1840 3841 1893 3904 vel
1914 3839 2084 3925 praedica·

436 3943 535 4018 verit,
564 3963 636 4005 cum
669 3942 796 4026 plurimi
825 3943 1023 4027 multiplices
1051 3951 1084 4006 et
1106 3943 1257 4028 profanos
1281 3963 1405 4006 errores
1429 3963 1505 4006 suos
1529 3943 1625 4007 etiam
1650 3944 1840 4028 scriptorum
1864 3943 2085 4007 monumentis

406 4046 635 4111 lcrediderint
658 4044 859 4124 inserendos,
885 4047 938 4130 qui
962 4053 1071 4110 tamen
1095 4047 1272 4111 christiano
1295 4046 1427 4110 nomine
1444 4045 1677 4130 gloriabantur.
1716 4046 1858 4111 breviter
1873 4067 1952 4131 ergo
1969 4046 2086 4120 dicam,

437 4156 593 4235 quantum
617 4170 689 4213 cum
712 4149 849 4213 absente
873 4149 963 4234 loqni
986 4171 1136 4236 possum,
1167 4149 1244 4234 quid
1267 4150 1388 4214 sentire
1420 4169 1494 4212 cum
1528 4148 1689 4236 catholica
1718 4150 1859 4214 ecclesia
1888 4150 2024 4230 debeas,
2054 4149 2086 4212 id

437 4262 502 4334 est,
530 4260 567 4317 ut
596 4274 669 4317 cum
699 4254 805 4338 gratia
833 4252 953 4317 domini
982 4255 1205 4339 operationem
1228 4253 1384 4338 baptizati
1408 4252 1520 4316 famuli
1543 4273 1674 4338 semper
1696 4252 1855 4338 adiungas
1879 4260 1913 4318 et
1936 4274 2010 4318 eum
2032 4254 2087 4337 qui

438 4356 777 4443 praedestinationem,
801 4357 937 4420 excluso
960 4357 1072 4421 labore
1096 4357 1245 4436 hominis,
1269 4357 1387 4420 asserit
1410 4376 1482 4420 cum
1505 4355 1631 4440 Pelagii
1654 4355 1805 4440 dogmate
1829 4357 2014 4421 detesteris.
2128 4370 2140 4406 τι

539 4565 654 4620 arrov.
673 4563 758 4627 xxv,
776 4562 819 4616 ar.
907 4562 985 4616 aas.
1004 4562 1126 4624 oxrnr,
1146 4564 1186 4616 11.
1275 4565 1309 4617 aa
1327 4526 1409 4616 uum.
1430 4561 1502 4626 xxi,
1519 4563 1561 4615 aa.

541 4705 554 4755 1
574 4714 658 4758 mente
680 4703 705 4756 P
813 4703 927 4755 bultem
948 4701 973 4756 G
1048 4705 1171 4756 elationes
1192 4701 1219 4754 P
1286 4722 1340 4771 qna
1359 4701 1386 4755 P
1489 4703 1602 4756 bsurde
1622 4701 1649 4754 P
1757 4703 1773 4753 ll
1792 4706 1838 4755 uui
1857 4701 1912 4755 GP
1980 4707 2088 4757 ebrieta-

436 4797 523 4857 tatem,
546 4810 599 4843 raa.
618 4793 720 4858 oirpalo
737 4788 763 4842 G
849 4787 1055 4857 cogitationibus]
1079 4790 1236 4856 cogitacione
1258 4791 1307 4841 sub
1327 4787 1354 4840 P
1483 4787 1516 4840 10
1533 4787 1630 4857 aliquo]
1646 4786 1679 4853 P,
1703 4791 1753 4841 alio
1771 4786 1862 4856 qqu
1956 4792 2043 4843 abbati
2062 4789 2089 4840 P

436 4879 467 4931 11
487 4888 557 4931 tuam
574 4897 641 4930 corr.
654 4887 714 4930 tuas
728 4877 766 4928 G¹
832 4877 945 4928 seniores
960 4874 986 4927 P
1089 4874 1121 4927 13
1139 4877 1279 4928 catholicae
1292 4873 1319 4926 P
1417 4873 1449 4927 14
1469 4883 1515 4927 aut
1528 4873 1554 4927 G
1618 4873 1768 4944 agnoscere]
1787 4878 1881 4944 poteris
1899 4879 2088 4950 agnuscerer'n

435 4969 507 5019 initio
526 4970 641 5035 popinae
659 4977 736 5034 repet.
757 4963 782 5019 G
896 4965 929 5017 15
946 4967 1070 5018 sollicitae
1090 4964 1117 5016 P
1228 4963 1260 5016 16
1278 4966 1406 5033 perunctio
1427 4963 1452 5014 G
1566 4959 1597 5013 17
1616 4964 1772 5015 intentencio
1792 4961 1819 5013 P
1896 4963 1961 5016 baec
1978 4966 2045 5015 inter
2062 4962 2089 5013 P

438 5053 470 5106 18
488 5072 579 5106 sanare
599 5051 626 5104 P
738 5052 770 5105 le
787 5070 917 5122 praepone
936 5050 964 5104 P
1040 5050 1165 5119 caritatis]
1184 5053 1241 5103 finit
1258 5053 1320 5103 add.
1341 5049 1375 5115 P,
1397 5052 1441 5102 abi
1458 5053 1577 5103 definicio
1595 5052 1686 5117 synodi
1705 5052 1829 5102 aduersus
1847 5058 1958 5117 eutycen
1975 5051 2090 5116 repuioa

436 5139 471 5192 20
489 5138 585 5207 XVIII]
605 5141 728 5207 epistulas
746 5139 839 5190 Fausti
856 5149 879 5191 et
890 5139 983 5190 Lacidr'
996 5139 1156 5190 Ifioomarua
1175 5140 1240 5189 libro
1257 5155 1331 5205 quam
1349 5139 1473 5190 aduersus
1486 5139 1678 5190 Gotbesoolcum
1696 5137 1844 5202 omracripeit
1862 5137 1894 5188 de
1910 5137 2088 5203 praedestina-

437 5229 503 5279 tione
527 5228 569 5278 dei
590 5237 613 5278 et
637 5228 715 5278 libero
738 5226 912 5277 orbitates]
934 5226 1040 5276 inseruit
1065 5224 1172 5290 (Miprre,
1189 5225 1289 5275 Patrol.
1308 5225 1351 5274 lat.
1374 5223 1482 5288 CXXV,
1495 5243 1524 5291 p.
1539 5223 1592 5288 79).
1630 5223 1700 5286 Quae
1724 5224 1870 5289 discrepeat
1894 5224 2042 5289 comperdr'o
2060 5223 2094 5273 H

435 5316 537 5366 notaad:
561 5316 746 5366 EPISTULA.
760 5315 899 5365 FAUS'PI.
913 5315 961 5364 AD
983 5314 1157 5364 LUCIDUM.
1176 5313 1414 5363 PRESBITERUM
1439 5313 1531 5363 lanam
1547 5313 1641 5378 ferunt
1659 5310 1715 5360 GH
1824 5307 1858 5360 22
1881 5309 2043 5376 suscipiendo
2061 5309 2093 5360 H

437 5398 472 5450 23
489 5402 598 5468 grandes
612 5397 638 5451 G
696 5402 852 5452 adiutorium
870 5409 896 5451 at
912 5401 1022 5467 matiam
1035 5399 1167 5450 Boroaiua
1263 5396 1297 5448 24
1316 5399 1349 5449 nb
1368 5395 1476 5464 unitate]
1491 5398 1527 5461 H,
1545 5415 1561 5448 a
1578 5393 1731 5449 bonitateG
1750 5397 1882 5448 Borcaius
1977 5394 2012 5447 26
2029 5396 2090 5448 ello·

437 5489 540 5539 cutione
557 5485 690 5537 Barantea
776 5488 849 5551 nisa,
871 5504 925 5536 roa.
943 5495 954 5537 t
973 5484 998 5536 G
1087 5485 1227 5537 nertbatis?
1252 5502 1318 5535 corr.
1337 5486 1453 5536 ueritatis
1473 5481 1513 5534 G¹
1636 5481 1669 5533 at
1688 5484 1728 5534 dei
1747 5484 1829 5550 gratia
1847 5483 1880 5532 ΙΙ
1962 5480 1999 5549 id]
2018 5485 2043 5534 in
2064 5479 2090 5533 G

437 5572 472 5624 28
492 5591 576 5640 neque
599 5573 673 5640 proni
697 5574 722 5623 iu
746 5570 885 5639 sinistram]
908 5591 929 5623 a.
949 5574 966 5623 l.
987 5570 1028 5624 G¹
1121 5567 1302 5638 inportuneG
1395 5573 1448 5637 regi
1469 5571 1561 5636 (magis
1580 5569 1640 5632 cor.)
1658 5570 1806 5636 gradiamur
1824 5571 1867 5621 uia
1886 5566 1920 5632 G,
1943 5571 2037 5636 regiam
2057 5597 2089 5604 -

438 5661 505 5712 uiam
519 5659 651 5710 Boroaiua
754 5659 789 5712 30
805 5658 968 5713 catholicaG
1073 5657 1106 5711 33
1123 5656 1241 5726 ecclesia]
1260 5665 1285 5709 et
1302 5655 1434 5711 eclesiaG
1533 5656 1568 5708 34
1585 5658 1733 5728 operatione
1747 5653 1773 5707 G
1837 5673 1937 5726 semper
1953 5653 2088 5726 adiunges]

438 5749 609 5819 poradiuugas
629 5743 654 5800 G
724 5744 758 5818 et]
778 5747 811 5800 ad
829 5747 861 5800 H
