<?xml version="1.0" encoding="UTF-8"?>
<!DOCTYPE html PUBLIC "-//W3C//DTD XHTML 1.0 Transitional//EN"
    "http://www.w3.org/TR/xhtml1/DTD/xhtml1-transitional.dtd">
<html xmlns="http://www.w3.org/1999/xhtml" xml:lang="en" lang="en">
 <head>
  <title>
</title>
<meta http-equiv="Content-Type" content="text/html;charset=utf-8" />
  <meta name='ocr-system' content='tesseract 3.04.00' />
  <meta name='ocr-capabilities' content='ocr_page ocr_carea ocr_par ocr_line ocrx_word'/>
</head>
<body>
  <div class='ocr_page' id='page_1' title='image "./monumentagerman03mittgoog/monumentagerman03mittgoog_0191.png"; bbox 0 0 4634 6458; ppageno 0'>
   <div class='ocr_carea' id='block_1_1' title="bbox 447 377 1508 467">
    <p class='ocr_par' dir='ltr' id='par_1_1' title="bbox 447 377 1508 467">
     <span class='ocr_line' id='line_1_1' title="bbox 447 377 1508 467; baseline -0.013 0"><span class='ocrx_word' id='word_1_1' title='bbox 447 406 507 467; x_wconf 81' lang='grc' dir='ltr'><strong>ιιι</strong></span> <span class='ocrx_word' id='word_1_2' title='bbox 978 377 979 382; x_wconf 61' lang='lat'>‘</span> <span class='ocrx_word' id='word_1_3' title='bbox 1095 399 1233 456; x_wconf 84' lang='lat' dir='ltr'><strong>smcuu</strong></span> <span class='ocrx_word' id='word_1_4' title='bbox 1250 397 1508 455; x_wconf 78' lang='lat' dir='ltr'><strong>arrarunsoou</strong></span> 
     </span>
    </p>
   </div>
   <div class='ocr_carea' id='block_1_2' title="bbox 326 572 2145 3152">
    <p class='ocr_par' dir='ltr' id='par_1_2' title="bbox 439 572 2095 764">
     <span class='ocr_line' id='line_1_2' title="bbox 439 572 2094 661; baseline 0.001 -23"><span class='ocrx_word' id='word_1_5' title='bbox 439 572 590 660; x_wconf 88' lang='lat' dir='ltr'><strong>pavenda</strong></span> <span class='ocrx_word' id='word_1_6' title='bbox 611 574 827 640; x_wconf 88' lang='lat' dir='ltr'><strong>mansuetudo</strong></span> <span class='ocrx_word' id='word_1_7' title='bbox 852 593 1037 639; x_wconf 83' lang='lat' dir='ltr'><strong>cervorum:</strong></span> <span class='ocrx_word' id='word_1_8' title='bbox 1066 593 1141 638; x_wconf 89' lang='lat' dir='ltr'><strong>cunr</strong></span> <span class='ocrx_word' id='word_1_9' title='bbox 1169 579 1205 638; x_wconf 94' lang='lat' dir='ltr'><strong>tu</strong></span> <span class='ocrx_word' id='word_1_10' title='bbox 1233 575 1320 640; x_wconf 93' lang='lat' dir='ltr'><strong>iuter</strong></span> <span class='ocrx_word' id='word_1_11' title='bbox 1346 575 1410 640; x_wconf 92' lang='lat' dir='ltr'><strong>ista</strong></span> <span class='ocrx_word' id='word_1_12' title='bbox 1436 573 1585 641; x_wconf 78' lang='lat' dir='ltr'>discessu</span> <span class='ocrx_word' id='word_1_13' title='bbox 1613 575 1792 660; x_wconf 86' lang='lat' dir='ltr'><strong>primorum</strong></span> <span class='ocrx_word' id='word_1_14' title='bbox 1820 575 2094 661; x_wconf 81' lang='lat' dir='ltr'><strong>populariumque</strong></span> 
     </span>
     <span class='ocr_line' id='line_1_3' title="bbox 442 675 2095 764; baseline 0.002 -24"><span class='ocrx_word' id='word_1_15' title='bbox 442 683 530 744; x_wconf 91' lang='lat' dir='ltr'><strong>statu</strong></span> <span class='ocrx_word' id='word_1_16' title='bbox 553 678 644 744; x_wconf 83' lang='lat' dir='ltr'><strong>urbis</strong></span> <span class='ocrx_word' id='word_1_17' title='bbox 668 679 835 744; x_wconf 85' lang='lat' dir='ltr'><strong>exinanito</strong></span> <span class='ocrx_word' id='word_1_18' title='bbox 858 677 900 743; x_wconf 90' lang='lat' dir='ltr'><strong>ad</strong></span> <span class='ocrx_word' id='word_1_19' title='bbox 923 698 1008 742; x_wconf 83' lang='lat' dir='ltr'><strong>noua</strong></span> <span class='ocrx_word' id='word_1_20' title='bbox 1030 679 1118 742; x_wconf 89' lang='lat' dir='ltr'><strong>celer</strong></span> <span class='ocrx_word' id='word_1_21' title='bbox 1133 684 1281 744; x_wconf 89' lang='lat' dir='ltr'><strong>veterum</strong></span> <span class='ocrx_word' id='word_1_22' title='bbox 1297 678 1514 744; x_wconf 75' lang='lat' dir='ltr'><strong>Ninivitarum</strong></span> <span class='ocrx_word' id='word_1_23' title='bbox 1531 676 1685 764; x_wconf 82' lang='lat' dir='ltr'><strong>exempla</strong></span> <span class='ocrx_word' id='word_1_24' title='bbox 1699 675 1883 758; x_wconf 80' lang='lat' dir='ltr'><strong>decurristi,</strong></span> <span class='ocrx_word' id='word_1_25' title='bbox 1907 699 1948 743; x_wconf 90' lang='lat' dir='ltr'><strong>ne</strong></span> <span class='ocrx_word' id='word_1_26' title='bbox 1964 676 2095 743; x_wconf 85' lang='lat' dir='ltr'><strong>divinae</strong></span> 
     </span>
    </p>

    <p class='ocr_par' dir='ltr' id='par_1_3' title="bbox 388 779 2144 1283">
     <span class='ocr_line' id='line_1_4' title="bbox 388 779 2094 868; baseline 0.002 -25"><span class='ocrx_word' id='word_1_27' title='bbox 388 784 407 843; x_wconf 81' lang='lat'>4</span> <span class='ocrx_word' id='word_1_28' title='bbox 441 780 653 847; x_wconf 75' lang='lat' dir='ltr'><strong>admonitioni</strong></span> <span class='ocrx_word' id='word_1_29' title='bbox 676 788 734 847; x_wconf 86' lang='lat' dir='ltr'><strong>tua</strong></span> <span class='ocrx_word' id='word_1_30' title='bbox 755 803 884 868; x_wconf 89' lang='lat' dir='ltr'><strong>quoque</strong></span> <span class='ocrx_word' id='word_1_31' title='bbox 907 780 1092 868; x_wconf 81' lang='lat' dir='ltr'><strong>desperatio</strong></span> <span class='ocrx_word' id='word_1_32' title='bbox 1110 781 1359 847; x_wconf 88' lang='lat' dir='ltr'><strong>conviciaretur.</strong></span> <span class='ocrx_word' id='word_1_33' title='bbox 1397 789 1431 846; x_wconf 92' lang='lat' dir='ltr'><strong>et</strong></span> <span class='ocrx_word' id='word_1_34' title='bbox 1446 803 1524 847; x_wconf 84' lang='lat' dir='ltr'><strong>rere</strong></span> <span class='ocrx_word' id='word_1_35' title='bbox 1547 783 1610 847; x_wconf 89' lang='lat' dir='ltr'><strong>iam</strong></span> <span class='ocrx_word' id='word_1_36' title='bbox 1627 781 1668 846; x_wconf 93' lang='lat' dir='ltr'><strong>de</strong></span> <span class='ocrx_word' id='word_1_37' title='bbox 1685 779 1746 848; x_wconf 86' lang='lat' dir='ltr'><strong>deo</strong></span> <span class='ocrx_word' id='word_1_38' title='bbox 1763 786 1798 845; x_wconf 89' lang='lat' dir='ltr'><strong>tu</strong></span> <span class='ocrx_word' id='word_1_39' title='bbox 1813 783 1945 847; x_wconf 90' lang='lat' dir='ltr'><strong>minime</strong></span> <span class='ocrx_word' id='word_1_40' title='bbox 1961 788 2094 868; x_wconf 87' lang='lat' dir='ltr'><strong>poteras</strong></span> 
     </span>
     <span class='ocr_line' id='line_1_5' title="bbox 443 883 2095 974; baseline 0.002 -25"><span class='ocrx_word' id='word_1_41' title='bbox 443 884 570 971; x_wconf 89' lang='lat' dir='ltr'><strong>absque</strong></span> <span class='ocrx_word' id='word_1_42' title='bbox 603 892 738 974; x_wconf 87' lang='lat' dir='ltr'><strong>peccato</strong></span> <span class='ocrx_word' id='word_1_43' title='bbox 767 891 841 972; x_wconf 92' lang='lat' dir='ltr'><strong>post</strong></span> <span class='ocrx_word' id='word_1_44' title='bbox 866 886 1023 950; x_wconf 77' lang='lat' dir='ltr'><strong>virtutum</strong></span> <span class='ocrx_word' id='word_1_45' title='bbox 1050 885 1279 971; x_wconf 83' lang='lat' dir='ltr'><strong>experimenta</strong></span> <span class='ocrx_word' id='word_1_46' title='bbox 1306 883 1466 952; x_wconf 82' lang='lat' dir='ltr'><strong>diffidere.</strong></span> <span class='ocrx_word' id='word_1_47' title='bbox 1510 906 1586 951; x_wconf 90' lang='lat' dir='ltr'><strong>nam</strong></span> <span class='ocrx_word' id='word_1_48' title='bbox 1609 906 1682 951; x_wconf 88' lang='lat' dir='ltr'><strong>eum</strong></span> <span class='ocrx_word' id='word_1_49' title='bbox 1711 885 1783 951; x_wconf 85' lang='lat' dir='ltr'><strong>rice</strong></span> <span class='ocrx_word' id='word_1_50' title='bbox 1808 885 1947 972; x_wconf 89' lang='lat' dir='ltr'><strong>quedam</strong></span> <span class='ocrx_word' id='word_1_51' title='bbox 1979 887 2095 952; x_wconf 80' lang='lat' dir='ltr'><strong>ciuitas</strong></span> 
     </span>
     <span class='ocr_line' id='line_1_6' title="bbox 439 987 2144 1078; baseline 0.003 -27"><span class='ocrx_word' id='word_1_52' title='bbox 439 989 640 1076; x_wconf 86' lang='lat' dir='ltr'><strong>conflagrare</strong></span> <span class='ocrx_word' id='word_1_53' title='bbox 664 989 837 1076; x_wconf 89' lang='lat' dir='ltr'><strong>coepisset,</strong></span> <span class='ocrx_word' id='word_1_54' title='bbox 860 987 941 1054; x_wconf 85' lang='lat' dir='ltr'><strong>lidus</strong></span> <span class='ocrx_word' id='word_1_55' title='bbox 964 995 1021 1055; x_wconf 84' lang='lat' dir='ltr'><strong>tua</strong></span> <span class='ocrx_word' id='word_1_56' title='bbox 1042 988 1076 1052; x_wconf 91' lang='lat' dir='ltr'><strong>in</strong></span> <span class='ocrx_word' id='word_1_57' title='bbox 1100 989 1158 1054; x_wconf 90' lang='lat' dir='ltr'><strong>illo</strong></span> <span class='ocrx_word' id='word_1_58' title='bbox 1180 988 1296 1054; x_wconf 87' lang='lat' dir='ltr'><strong>ardore</strong></span> <span class='ocrx_word' id='word_1_59' title='bbox 1319 990 1394 1076; x_wconf 89' lang='lat' dir='ltr'><strong>plus</strong></span> <span class='ocrx_word' id='word_1_60' title='bbox 1418 991 1533 1064; x_wconf 87' lang='lat' dir='ltr'><strong>caluit;</strong></span> <span class='ocrx_word' id='word_1_61' title='bbox 1556 997 1679 1056; x_wconf 92' lang='lat' dir='ltr'><strong>etcum</strong></span> <span class='ocrx_word' id='word_1_62' title='bbox 1701 990 1734 1055; x_wconf 93' lang='lat' dir='ltr'><strong>in</strong></span> <span class='ocrx_word' id='word_1_63' title='bbox 1751 996 1931 1078; x_wconf 88' lang='lat' dir='ltr'><strong>conspectu</strong></span> <span class='ocrx_word' id='word_1_64' title='bbox 1953 989 2094 1078; x_wconf 82' lang='lat' dir='ltr'><strong>pavidae</strong></span> <span class='ocrx_word' id='word_1_65' title='bbox 2133 1005 2144 1041; x_wconf 74' lang='lat'><strong>⁵</strong></span> 
     </span>
     <span class='ocr_line' id='line_1_7' title="bbox 439 1091 2093 1180; baseline 0.001 -23"><span class='ocrx_word' id='word_1_66' title='bbox 439 1091 546 1178; x_wconf 91' lang='lat' dir='ltr'><strong>plebis</strong></span> <span class='ocrx_word' id='word_1_67' title='bbox 569 1093 700 1159; x_wconf 90' lang='lat' dir='ltr'><strong>obiectu</strong></span> <span class='ocrx_word' id='word_1_68' title='bbox 726 1095 796 1159; x_wconf 92' lang='lat' dir='ltr'><strong>solo</strong></span> <span class='ocrx_word' id='word_1_69' title='bbox 820 1094 964 1180; x_wconf 92' lang='lat' dir='ltr'><strong>corporis</strong></span> <span class='ocrx_word' id='word_1_70' title='bbox 992 1094 1039 1158; x_wconf 93' lang='lat' dir='ltr'><strong>tui</strong></span> <span class='ocrx_word' id='word_1_71' title='bbox 1067 1093 1151 1179; x_wconf 90' lang='lat' dir='ltr'><strong>ignis</strong></span> <span class='ocrx_word' id='word_1_72' title='bbox 1172 1115 1326 1160; x_wconf 89' lang='lat' dir='ltr'><strong>recussus</strong></span> <span class='ocrx_word' id='word_1_73' title='bbox 1353 1095 1386 1158; x_wconf 91' lang='lat' dir='ltr'><strong>in</strong></span> <span class='ocrx_word' id='word_1_74' title='bbox 1409 1100 1538 1180; x_wconf 87' lang='lat' dir='ltr'><strong>tergum</strong></span> <span class='ocrx_word' id='word_1_75' title='bbox 1562 1093 1708 1178; x_wconf 76' lang='lat' dir='ltr'><strong>fugitivis</strong></span> <span class='ocrx_word' id='word_1_76' title='bbox 1730 1093 1873 1159; x_wconf 84' lang='lat' dir='ltr'><strong>flexibus</strong></span> <span class='ocrx_word' id='word_1_77' title='bbox 1897 1094 2093 1176; x_wconf 80' lang='lat' dir='ltr'><strong>sinuaretur,</strong></span> 
     </span>
     <span class='ocr_line' id='line_1_8' title="bbox 440 1196 2093 1283; baseline 0.002 -24"><span class='ocrx_word' id='word_1_78' title='bbox 440 1196 598 1262; x_wconf 87' lang='lat' dir='ltr'><strong>miraculo</strong></span> <span class='ocrx_word' id='word_1_79' title='bbox 620 1197 759 1262; x_wconf 82' lang='lat' dir='ltr'><strong>terribili</strong></span> <span class='ocrx_word' id='word_1_80' title='bbox 786 1218 870 1262; x_wconf 86' lang='lat' dir='ltr'><strong>novo</strong></span> <span class='ocrx_word' id='word_1_81' title='bbox 894 1197 1061 1262; x_wconf 77' lang='lat' dir='ltr'><strong>invisitato</strong></span> <span class='ocrx_word' id='word_1_82' title='bbox 1091 1197 1185 1262; x_wconf 78' lang='lat' dir='ltr'><strong>affuit</strong></span> <span class='ocrx_word' id='word_1_83' title='bbox 1211 1199 1361 1264; x_wconf 87' lang='lat' dir='ltr'><strong>flammae</strong></span> <span class='ocrx_word' id='word_1_84' title='bbox 1390 1196 1510 1264; x_wconf 94' lang='lat' dir='ltr'><strong>cedere</strong></span> <span class='ocrx_word' id='word_1_85' title='bbox 1537 1218 1597 1283; x_wconf 89' lang='lat' dir='ltr'><strong>per</strong></span> <span class='ocrx_word' id='word_1_86' title='bbox 1623 1198 1859 1278; x_wconf 84' lang='lat' dir='ltr'><strong>reuerentiam,</strong></span> <span class='ocrx_word' id='word_1_87' title='bbox 1889 1199 1941 1263; x_wconf 89' lang='lat' dir='ltr'><strong>cui</strong></span> <span class='ocrx_word' id='word_1_88' title='bbox 1971 1199 2093 1264; x_wconf 90' lang='lat' dir='ltr'><strong>sentire</strong></span> 
     </span>
    </p>

    <p class='ocr_par' dir='ltr' id='par_1_4' title="bbox 387 1283 2093 1494">
     <span class='ocr_line' id='line_1_9' title="bbox 387 1283 2093 1389; baseline 0.002 -26"><span class='ocrx_word' id='word_1_89' title='bbox 387 1303 406 1363; x_wconf 88' lang='lat'>5</span> <span class='ocrx_word' id='word_1_90' title='bbox 435 1285 544 1367; x_wconf 77' lang='lat' dir='ltr'><strong>&#39;deluis</strong></span> <span class='ocrx_word' id='word_1_91' title='bbox 565 1283 624 1387; x_wconf 82' lang='lat' dir='ltr'><strong>par</strong></span> <span class='ocrx_word' id='word_1_92' title='bbox 646 1308 807 1369; x_wconf 87' lang='lat' dir='ltr'><strong>naturam.</strong></span> <span class='ocrx_word' id='word_1_93' title='bbox 860 1302 959 1389; x_wconf 89' lang='lat' dir='ltr'><strong>igitur</strong></span> <span class='ocrx_word' id='word_1_94' title='bbox 990 1302 1129 1388; x_wconf 89' lang='lat' dir='ltr'><strong>primum</strong></span> <span class='ocrx_word' id='word_1_95' title='bbox 1157 1302 1260 1366; x_wconf 85' lang='lat' dir='ltr'><strong>nostri</strong></span> <span class='ocrx_word' id='word_1_96' title='bbox 1289 1302 1412 1370; x_wconf 86' lang='lat' dir='ltr'><strong>ordinis</strong></span> <span class='ocrx_word' id='word_1_97' title='bbox 1443 1302 1521 1368; x_wconf 86' lang='lat' dir='ltr'><strong>viris</strong></span> <span class='ocrx_word' id='word_1_98' title='bbox 1551 1307 1585 1366; x_wconf 94' lang='lat' dir='ltr'><strong>et</strong></span> <span class='ocrx_word' id='word_1_99' title='bbox 1612 1301 1663 1366; x_wconf 89' lang='lat' dir='ltr'><strong>bis</strong></span> <span class='ocrx_word' id='word_1_100' title='bbox 1692 1301 1805 1388; x_wconf 90' lang='lat' dir='ltr'><strong>paucis</strong></span> <span class='ocrx_word' id='word_1_101' title='bbox 1833 1301 1950 1367; x_wconf 90' lang='lat' dir='ltr'><strong>indicis</strong></span> <span class='ocrx_word' id='word_1_102' title='bbox 1971 1300 2093 1368; x_wconf 90' lang='lat' dir='ltr'><strong>ieiunia</strong></span> 
     </span>
     <span class='ocr_line' id='line_1_10' title="bbox 436 1404 2090 1494; baseline 0.001 -26"><span class='ocrx_word' id='word_1_103' title='bbox 436 1404 605 1470; x_wconf 84' lang='lat' dir='ltr'><strong>interdicis</strong></span> <span class='ocrx_word' id='word_1_104' title='bbox 627 1406 767 1492; x_wconf 86' lang='lat' dir='ltr'><strong>flagitia,</strong></span> <span class='ocrx_word' id='word_1_105' title='bbox 791 1406 951 1494; x_wconf 83' lang='lat' dir='ltr'><strong>supplicia</strong></span> <span class='ocrx_word' id='word_1_106' title='bbox 973 1405 1137 1494; x_wconf 90' lang='lat' dir='ltr'><strong>praedicis</strong></span> <span class='ocrx_word' id='word_1_107' title='bbox 1161 1405 1307 1471; x_wconf 88' lang='lat' dir='ltr'><strong>remedia</strong></span> <span class='ocrx_word' id='word_1_108' title='bbox 1329 1407 1506 1493; x_wconf 90' lang='lat' dir='ltr'><strong>promittis;</strong></span> <span class='ocrx_word' id='word_1_109' title='bbox 1530 1404 1668 1491; x_wconf 83' lang='lat' dir='ltr'><strong>exponis</strong></span> <span class='ocrx_word' id='word_1_110' title='bbox 1692 1404 1842 1470; x_wconf 90' lang='lat' dir='ltr'><strong>omuibus</strong></span> <span class='ocrx_word' id='word_1_111' title='bbox 1865 1425 1926 1470; x_wconf 91' lang='lat' dir='ltr'><strong>nec</strong></span> <span class='ocrx_word' id='word_1_112' title='bbox 1948 1426 2090 1491; x_wconf 91' lang='lat' dir='ltr'><strong>poenam</strong></span> 
     </span>
    </p>

    <p class='ocr_par' dir='ltr' id='par_1_5' title="bbox 326 1503 2145 1804">
     <span class='ocr_line' id='line_1_11' title="bbox 326 1503 2145 1595; baseline -0.001 -19"><span class='ocrx_word' id='word_1_113' title='bbox 326 1563 333 1576; x_wconf 86' lang='lat'><strong>.</strong></span> <span class='ocrx_word' id='word_1_114' title='bbox 438 1507 648 1595; x_wconf 85' lang='lat' dir='ltr'><strong>longinquam</strong></span> <span class='ocrx_word' id='word_1_115' title='bbox 671 1529 744 1576; x_wconf 89' lang='lat' dir='ltr'><strong>esse</strong></span> <span class='ocrx_word' id='word_1_116' title='bbox 767 1531 829 1576; x_wconf 88' lang='lat' dir='ltr'><strong>neo</strong></span> <span class='ocrx_word' id='word_1_117' title='bbox 844 1511 989 1586; x_wconf 84' lang='lat' dir='ltr'><strong>veniam;</strong></span> <span class='ocrx_word' id='word_1_118' title='bbox 1013 1510 1112 1577; x_wconf 89' lang='lat' dir='ltr'><strong>doces</strong></span> <span class='ocrx_word' id='word_1_119' title='bbox 1128 1510 1340 1577; x_wconf 85' lang='lat' dir='ltr'><strong>denuntiatae</strong></span> <span class='ocrx_word' id='word_1_120' title='bbox 1365 1509 1549 1576; x_wconf 89' lang='lat' dir='ltr'><strong>solitudinis</strong></span> <span class='ocrx_word' id='word_1_121' title='bbox 1572 1510 1677 1575; x_wconf 88' lang='lat' dir='ltr'><strong>minas</strong></span> <span class='ocrx_word' id='word_1_122' title='bbox 1701 1503 1883 1575; x_wconf 89' lang='lat' dir='ltr'><strong>orationum</strong></span> <span class='ocrx_word' id='word_1_123' title='bbox 1907 1509 2091 1595; x_wconf 82' lang='lat' dir='ltr'><strong>frequentia</strong></span> <span class='ocrx_word' id='word_1_124' title='bbox 2120 1526 2145 1565; x_wconf 86' lang='lat'><strong>1⁰</strong></span> 
     </span>
     <span class='ocr_line' id='line_1_12' title="bbox 438 1612 2092 1699; baseline 0.002 -23"><span class='ocrx_word' id='word_1_125' title='bbox 438 1631 512 1677; x_wconf 88' lang='lat' dir='ltr'><strong>esse</strong></span> <span class='ocrx_word' id='word_1_126' title='bbox 535 1613 751 1690; x_wconf 61' lang='lat' dir='ltr'><strong>amoliendam</strong></span> <span class='ocrx_word' id='word_1_127' title='bbox 786 1635 899 1682; x_wconf 90' lang='lat' dir='ltr'><strong>mones</strong></span> <span class='ocrx_word' id='word_1_128' title='bbox 934 1614 1160 1680; x_wconf 78' lang='lat' dir='ltr'><strong>assiduitatem</strong></span> <span class='ocrx_word' id='word_1_129' title='bbox 1192 1614 1330 1680; x_wconf 85' lang='lat' dir='ltr'><strong>furentis</strong></span> <span class='ocrx_word' id='word_1_130' title='bbox 1362 1613 1503 1680; x_wconf 92' lang='lat' dir='ltr'><strong>incendii</strong></span> <span class='ocrx_word' id='word_1_131' title='bbox 1532 1633 1618 1698; x_wconf 89' lang='lat' dir='ltr'><strong>aqua</strong></span> <span class='ocrx_word' id='word_1_132' title='bbox 1650 1612 1760 1699; x_wconf 90' lang='lat' dir='ltr'><strong>potius</strong></span> <span class='ocrx_word' id='word_1_133' title='bbox 1794 1614 1961 1679; x_wconf 87' lang='lat' dir='ltr'><strong>oculorum</strong></span> <span class='ocrx_word' id='word_1_134' title='bbox 1997 1634 2092 1699; x_wconf 93' lang='lat' dir='ltr'><strong>quam</strong></span> 
     </span>
     <span class='ocr_line' id='line_1_13' title="bbox 434 1714 2090 1804; baseline 0.002 -26"><span class='ocrx_word' id='word_1_135' title='bbox 434 1714 600 1781; x_wconf 89' lang='lat' dir='ltr'><strong>fluminum</strong></span> <span class='ocrx_word' id='word_1_136' title='bbox 625 1739 722 1804; x_wconf 88' lang='lat' dir='ltr'><strong>posse</strong></span> <span class='ocrx_word' id='word_1_137' title='bbox 745 1719 921 1802; x_wconf 88' lang='lat' dir='ltr'><strong>restingui;</strong></span> <span class='ocrx_word' id='word_1_138' title='bbox 944 1739 1058 1784; x_wconf 90' lang='lat' dir='ltr'><strong>mones</strong></span> <span class='ocrx_word' id='word_1_139' title='bbox 1081 1718 1241 1783; x_wconf 90' lang='lat' dir='ltr'><strong>minacem</strong></span> <span class='ocrx_word' id='word_1_140' title='bbox 1264 1723 1373 1784; x_wconf 88' lang='lat' dir='ltr'><strong>terrae</strong></span> <span class='ocrx_word' id='word_1_141' title='bbox 1397 1723 1542 1784; x_wconf 89' lang='lat' dir='ltr'><strong>motuum</strong></span> <span class='ocrx_word' id='word_1_142' title='bbox 1566 1715 1841 1782; x_wconf 83' lang='lat' dir='ltr'><strong>conflictationem</strong></span> <span class='ocrx_word' id='word_1_143' title='bbox 1864 1715 1940 1782; x_wconf 88' lang='lat' dir='ltr'><strong>fidei</strong></span> <span class='ocrx_word' id='word_1_144' title='bbox 1964 1717 2090 1784; x_wconf 86' lang='lat' dir='ltr'><strong>stabili-</strong></span> 
     </span>
    </p>

    <p class='ocr_par' dir='ltr' id='par_1_6' title="bbox 384 1818 2142 2528">
     <span class='ocr_line' id='line_1_14' title="bbox 384 1818 2091 1906; baseline 0.003 -26"><span class='ocrx_word' id='word_1_145' title='bbox 384 1819 404 1880; x_wconf 83' lang='lat'><strong>6</strong></span> <span class='ocrx_word' id='word_1_146' title='bbox 437 1824 506 1884; x_wconf 88' lang='lat' dir='ltr'><strong>tate</strong></span> <span class='ocrx_word' id='word_1_147' title='bbox 528 1818 732 1888; x_wconf 88' lang='lat' dir='ltr'><strong>firmandam.</strong></span> <span class='ocrx_word' id='word_1_148' title='bbox 778 1823 870 1887; x_wconf 91' lang='lat' dir='ltr'><strong>cuius</strong></span> <span class='ocrx_word' id='word_1_149' title='bbox 893 1820 1065 1888; x_wconf 82' lang='lat' dir='ltr'><strong>confestim</strong></span> <span class='ocrx_word' id='word_1_150' title='bbox 1095 1841 1221 1906; x_wconf 87' lang='lat' dir='ltr'><strong>sequax</strong></span> <span class='ocrx_word' id='word_1_151' title='bbox 1244 1821 1377 1886; x_wconf 89' lang='lat' dir='ltr'><strong>humilis</strong></span> <span class='ocrx_word' id='word_1_152' title='bbox 1400 1820 1496 1886; x_wconf 87' lang='lat' dir='ltr'><strong>turba</strong></span> <span class='ocrx_word' id='word_1_153' title='bbox 1519 1819 1647 1885; x_wconf 90' lang='lat' dir='ltr'><strong>consilii</strong></span> <span class='ocrx_word' id='word_1_154' title='bbox 1670 1819 1845 1885; x_wconf 89' lang='lat' dir='ltr'><strong>maioribus</strong></span> <span class='ocrx_word' id='word_1_155' title='bbox 1868 1841 1998 1906; x_wconf 90' lang='lat' dir='ltr'><strong>quoquc</strong></span> <span class='ocrx_word' id='word_1_156' title='bbox 2023 1822 2091 1886; x_wconf 89' lang='lat' dir='ltr'><strong>suis</strong></span> 
     </span>
     <span class='ocr_line' id='line_1_15' title="bbox 425 1921 2090 2012; baseline 0.002 -26"><span class='ocrx_word' id='word_1_157' title='bbox 425 1921 498 1988; x_wconf 85' lang='lat' dir='ltr'><strong>-iuit</strong></span> <span class='ocrx_word' id='word_1_158' title='bbox 519 1922 748 2004; x_wconf 87' lang='lat' dir='ltr'><strong>incitamento,</strong></span> <span class='ocrx_word' id='word_1_159' title='bbox 777 1945 862 2010; x_wconf 85' lang='lat' dir='ltr'><strong>qnos.</strong></span> <span class='ocrx_word' id='word_1_160' title='bbox 888 1946 961 1990; x_wconf 87' lang='lat' dir='ltr'><strong>cunr</strong></span> <span class='ocrx_word' id='word_1_161' title='bbox 991 1945 1056 1992; x_wconf 89' lang='lat' dir='ltr'><strong>non</strong></span> <span class='ocrx_word' id='word_1_162' title='bbox 1080 1925 1243 2011; x_wconf 83' lang='lat' dir='ltr'><strong>piguisset</strong></span> <span class='ocrx_word' id='word_1_163' title='bbox 1265 1925 1396 2012; x_wconf 83' lang='lat' dir='ltr'><strong>fugere,</strong></span> <span class='ocrx_word' id='word_1_164' title='bbox 1427 1923 1534 1992; x_wconf 83' lang='lat' dir='ltr'><strong>redire</strong></span> <span class='ocrx_word' id='word_1_165' title='bbox 1557 1943 1622 1989; x_wconf 90' lang='lat' dir='ltr'><strong>nou</strong></span> <span class='ocrx_word' id='word_1_166' title='bbox 1645 1922 1771 2009; x_wconf 89' lang='lat' dir='ltr'><strong>puduit.</strong></span> <span class='ocrx_word' id='word_1_167' title='bbox 1821 1945 1885 2009; x_wconf 88' lang='lat' dir='ltr'><strong>qua</strong></span> <span class='ocrx_word' id='word_1_168' title='bbox 1915 1923 2090 1990; x_wconf 85' lang='lat' dir='ltr'><strong>devotione</strong></span> 
     </span>
     <span class='ocr_line' id='line_1_16' title="bbox 436 2025 2142 2116; baseline 0.001 -26"><span class='ocrx_word' id='word_1_169' title='bbox 436 2025 584 2111; x_wconf 91' lang='lat' dir='ltr'><strong>placatus</strong></span> <span class='ocrx_word' id='word_1_170' title='bbox 606 2028 773 2115; x_wconf 88' lang='lat' dir='ltr'><strong>inspector</strong></span> <span class='ocrx_word' id='word_1_171' title='bbox 795 2035 964 2116; x_wconf 87' lang='lat' dir='ltr'><strong>pectorum</strong></span> <span class='ocrx_word' id='word_1_172' title='bbox 985 2027 1067 2094; x_wconf 91' lang='lat' dir='ltr'><strong>deus</strong></span> <span class='ocrx_word' id='word_1_173' title='bbox 1090 2029 1171 2094; x_wconf 88' lang='lat' dir='ltr'><strong>fecit</strong></span> <span class='ocrx_word' id='word_1_174' title='bbox 1192 2049 1266 2094; x_wconf 88' lang='lat' dir='ltr'><strong>asse</strong></span> <span class='ocrx_word' id='word_1_175' title='bbox 1284 2029 1544 2095; x_wconf 78' lang='lat' dir='ltr'><strong>obsecrationem</strong></span> <span class='ocrx_word' id='word_1_176' title='bbox 1560 2033 1703 2096; x_wconf 78' lang='lat' dir='ltr'><strong>vestram</strong></span> <span class='ocrx_word' id='word_1_177' title='bbox 1719 2027 1811 2093; x_wconf 84' lang='lat' dir='ltr'><strong>vobis</strong></span> <span class='ocrx_word' id='word_1_178' title='bbox 1835 2028 1944 2108; x_wconf 91' lang='lat' dir='ltr'><strong>saluti,</strong></span> <span class='ocrx_word' id='word_1_179' title='bbox 1970 2029 2089 2094; x_wconf 87' lang='lat' dir='ltr'><strong>ceteris</strong></span> <span class='ocrx_word' id='word_1_180' title='bbox 2117 2043 2142 2081; x_wconf 75' lang='lat'><strong>¹⁵</strong></span> 
     </span>
     <span class='ocr_line' id='line_1_17' title="bbox 436 2129 2093 2220; baseline 0.002 -27"><span class='ocrx_word' id='word_1_181' title='bbox 436 2129 623 2212; x_wconf 89' lang='lat' dir='ltr'><strong>imitationi,</strong></span> <span class='ocrx_word' id='word_1_182' title='bbox 655 2133 801 2219; x_wconf 88' lang='lat' dir='ltr'><strong>utrisque</strong></span> <span class='ocrx_word' id='word_1_183' title='bbox 825 2133 999 2218; x_wconf 86' lang='lat' dir='ltr'><strong>praesidio.</strong></span> <span class='ocrx_word' id='word_1_184' title='bbox 1054 2133 1195 2219; x_wconf 90' lang='lat' dir='ltr'><strong>denique</strong></span> <span class='ocrx_word' id='word_1_185' title='bbox 1224 2133 1290 2198; x_wconf 93' lang='lat' dir='ltr'><strong>illic</strong></span> <span class='ocrx_word' id='word_1_186' title='bbox 1319 2132 1473 2220; x_wconf 85' lang='lat' dir='ltr'><strong>deinceps</strong></span> <span class='ocrx_word' id='word_1_187' title='bbox 1495 2153 1559 2198; x_wconf 92' lang='lat' dir='ltr'><strong>non</strong></span> <span class='ocrx_word' id='word_1_188' title='bbox 1582 2131 1674 2198; x_wconf 84' lang='lat' dir='ltr'><strong>fuere</strong></span> <span class='ocrx_word' id='word_1_189' title='bbox 1698 2130 1751 2194; x_wconf 83' lang='lat' dir='ltr'><strong>vel</strong></span> <span class='ocrx_word' id='word_1_190' title='bbox 1773 2129 1893 2194; x_wconf 87' lang='lat' dir='ltr'><strong>damna</strong></span> <span class='ocrx_word' id='word_1_191' title='bbox 1916 2132 2093 2197; x_wconf 88' lang='lat' dir='ltr'><strong>calamitati</strong></span> 
     </span>
     <span class='ocr_line' id='line_1_18' title="bbox 434 2233 2090 2327; baseline 0.003 -30"><span class='ocrx_word' id='word_1_192' title='bbox 434 2233 487 2298; x_wconf 82' lang='lat' dir='ltr'><strong>vel</strong></span> <span class='ocrx_word' id='word_1_193' title='bbox 511 2241 652 2300; x_wconf 87' lang='lat' dir='ltr'><strong>ostenta·</strong></span> <span class='ocrx_word' id='word_1_194' title='bbox 662 2235 838 2304; x_wconf 87' lang='lat' dir='ltr'><strong>formidini.</strong></span> <span class='ocrx_word' id='word_1_195' title='bbox 888 2259 971 2323; x_wconf 89' lang='lat' dir='ltr'><strong>quae</strong></span> <span class='ocrx_word' id='word_1_196' title='bbox 1002 2238 1111 2302; x_wconf 89' lang='lat' dir='ltr'><strong>omnia</strong></span> <span class='ocrx_word' id='word_1_197' title='bbox 1142 2237 1250 2304; x_wconf 89' lang='lat' dir='ltr'><strong>sciens</strong></span> <span class='ocrx_word' id='word_1_198' title='bbox 1272 2239 1410 2327; x_wconf 91' lang='lat' dir='ltr'><strong>populus</strong></span> <span class='ocrx_word' id='word_1_199' title='bbox 1433 2239 1494 2304; x_wconf 89' lang='lat' dir='ltr'><strong>iste</strong></span> <span class='ocrx_word' id='word_1_200' title='bbox 1517 2233 1763 2303; x_wconf 84' lang='lat' dir='ltr'><strong>Viennensibus</strong></span> <span class='ocrx_word' id='word_1_201' title='bbox 1786 2237 1849 2301; x_wconf 91' lang='lat' dir='ltr'><strong>tuis</strong></span> <span class='ocrx_word' id='word_1_202' title='bbox 1872 2242 1906 2300; x_wconf 91' lang='lat' dir='ltr'><strong>et</strong></span> <span class='ocrx_word' id='word_1_203' title='bbox 1928 2235 2090 2302; x_wconf 90' lang='lat' dir='ltr'><strong>accidisse</strong></span> 
     </span>
     <span class='ocr_line' id='line_1_19' title="bbox 434 2337 2120 2427; baseline 0.001 -27"><span class='ocrx_word' id='word_1_204' title='bbox 434 2337 524 2422; x_wconf 90' lang='lat' dir='ltr'><strong>prius</strong></span> <span class='ocrx_word' id='word_1_205' title='bbox 548 2344 582 2402; x_wconf 91' lang='lat' dir='ltr'><strong>et</strong></span> <span class='ocrx_word' id='word_1_206' title='bbox 603 2358 667 2402; x_wconf 91' lang='lat' dir='ltr'><strong>uon</strong></span> <span class='ocrx_word' id='word_1_207' title='bbox 690 2339 872 2406; x_wconf 90' lang='lat' dir='ltr'><strong>accessisse</strong></span> <span class='ocrx_word' id='word_1_208' title='bbox 899 2340 1065 2427; x_wconf 87' lang='lat' dir='ltr'><strong>posterius</strong></span> <span class='ocrx_word' id='word_1_209' title='bbox 1089 2341 1229 2426; x_wconf 85' lang='lat' dir='ltr'><strong>vestigia</strong></span> <span class='ocrx_word' id='word_1_210' title='bbox 1256 2346 1322 2404; x_wconf 86' lang='lat' dir='ltr'><strong>tam</strong></span> <span class='ocrx_word' id='word_1_211' title='bbox 1351 2344 1577 2408; x_wconf 81' lang='lat' dir='ltr'><strong>sacrosanctae</strong></span> <span class='ocrx_word' id='word_1_212' title='bbox 1607 2338 1844 2404; x_wconf 81' lang='lat' dir='ltr'><strong>informationis</strong></span> <span class='ocrx_word' id='word_1_213' title='bbox 1871 2339 2088 2426; x_wconf 88' lang='lat' dir='ltr'><strong>amplectitur,</strong></span> <span class='ocrx_word' id='word_1_214' title='bbox 2119 2345 2120 2348; x_wconf 75' lang='grc'>’</span> 
     </span>
     <span class='ocr_line' id='line_1_20' title="bbox 435 2439 2089 2528; baseline 0.002 -25"><span class='ocrx_word' id='word_1_215' title='bbox 435 2439 550 2505; x_wconf 90' lang='lat' dir='ltr'><strong>sedulo</strong></span> <span class='ocrx_word' id='word_1_216' title='bbox 572 2448 700 2527; x_wconf 88' lang='lat' dir='ltr'><strong>patens,</strong></span> <span class='ocrx_word' id='word_1_217' title='bbox 723 2448 760 2508; x_wconf 93' lang='lat' dir='ltr'><strong>ut</strong></span> <span class='ocrx_word' id='word_1_218' title='bbox 782 2443 1003 2508; x_wconf 88' lang='lat' dir='ltr'><strong>conscientiae</strong></span> <span class='ocrx_word' id='word_1_219' title='bbox 1028 2449 1105 2508; x_wconf 90' lang='lat' dir='ltr'><strong>tuae</strong></span> <span class='ocrx_word' id='word_1_220' title='bbox 1129 2442 1297 2509; x_wconf 89' lang='lat' dir='ltr'><strong>beatitudo</strong></span> <span class='ocrx_word' id='word_1_221' title='bbox 1320 2445 1427 2509; x_wconf 90' lang='lat' dir='ltr'><strong>mittat</strong></span> <span class='ocrx_word' id='word_1_222' title='bbox 1451 2443 1632 2508; x_wconf 90' lang='lat' dir='ltr'><strong>orationum</strong></span> <span class='ocrx_word' id='word_1_223' title='bbox 1649 2464 1779 2508; x_wconf 90' lang='lat' dir='ltr'><strong>suarum</strong></span> <span class='ocrx_word' id='word_1_224' title='bbox 1799 2442 1955 2528; x_wconf 84' lang='lat' dir='ltr'><strong>suffragia</strong></span> <span class='ocrx_word' id='word_1_225' title='bbox 1971 2441 2089 2527; x_wconf 89' lang='lat' dir='ltr'><strong>quibus</strong></span> 
     </span>
    </p>

    <p class='ocr_par' dir='ltr' id='par_1_7' title="bbox 387 2544 2142 3152">
     <span class='ocr_line' id='line_1_21' title="bbox 387 2544 2142 2633; baseline 0.002 -27"><span class='ocrx_word' id='word_1_226' title='bbox 387 2544 406 2605; x_wconf 88' lang='grc'><strong>7</strong></span> <span class='ocrx_word' id='word_1_227' title='bbox 439 2545 594 2630; x_wconf 88' lang='lat' dir='ltr'><strong>exempla</strong></span> <span class='ocrx_word' id='word_1_228' title='bbox 615 2545 800 2612; x_wconf 73' lang='lat' dir='ltr'><strong>bausmisit.</strong></span> <span class='ocrx_word' id='word_1_229' title='bbox 846 2552 880 2612; x_wconf 90' lang='lat' dir='ltr'><strong>et</strong></span> <span class='ocrx_word' id='word_1_230' title='bbox 903 2546 980 2631; x_wconf 90' lang='lat' dir='ltr'><strong>quia</strong></span> <span class='ocrx_word' id='word_1_231' title='bbox 1006 2546 1067 2612; x_wconf 91' lang='lat' dir='ltr'><strong>tibi</strong></span> <span class='ocrx_word' id='word_1_232' title='bbox 1095 2547 1156 2611; x_wconf 90' lang='lat' dir='ltr'><strong>soli</strong></span> <span class='ocrx_word' id='word_1_233' title='bbox 1183 2567 1341 2612; x_wconf 85' lang='lat' dir='ltr'><strong>concessa</strong></span> <span class='ocrx_word' id='word_1_234' title='bbox 1371 2553 1422 2612; x_wconf 91' lang='lat' dir='ltr'><strong>eat</strong></span> <span class='ocrx_word' id='word_1_235' title='bbox 1451 2554 1527 2633; x_wconf 91' lang='lat' dir='ltr'><strong>post</strong></span> <span class='ocrx_word' id='word_1_236' title='bbox 1555 2567 1689 2611; x_wconf 85' lang='lat' dir='ltr'><strong>avorum</strong></span> <span class='ocrx_word' id='word_1_237' title='bbox 1717 2547 1907 2611; x_wconf 89' lang='lat' dir='ltr'><strong>memoriam</strong></span> <span class='ocrx_word' id='word_1_238' title='bbox 1929 2548 1982 2611; x_wconf 83' lang='lat' dir='ltr'><strong>vel</strong></span> <span class='ocrx_word' id='word_1_239' title='bbox 2011 2566 2088 2610; x_wconf 92' lang='lat' dir='ltr'><strong>con·</strong></span> <span class='ocrx_word' id='word_1_240' title='bbox 2115 2561 2142 2598; x_wconf 75' lang='lat'><strong>20</strong></span> 
     </span>
     <span class='ocr_line' id='line_1_22' title="bbox 435 2646 2087 2739; baseline 0.004 -31"><span class='ocrx_word' id='word_1_241' title='bbox 435 2646 597 2714; x_wconf 84' lang='lat' dir='ltr'><strong>fossorem</strong></span> <span class='ocrx_word' id='word_1_242' title='bbox 614 2647 837 2729; x_wconf 80' lang='lat' dir='ltr'><strong>Ambrosium,</strong></span> <span class='ocrx_word' id='word_1_243' title='bbox 861 2649 999 2715; x_wconf 87' lang='lat' dir='ltr'><strong>duorum</strong></span> <span class='ocrx_word' id='word_1_244' title='bbox 1022 2656 1199 2736; x_wconf 84' lang='lat' dir='ltr'><strong>martyrum</strong></span> <span class='ocrx_word' id='word_1_245' title='bbox 1224 2658 1437 2738; x_wconf 88' lang='lat' dir='ltr'><strong>repertorem,</strong></span> <span class='ocrx_word' id='word_1_246' title='bbox 1460 2652 1493 2716; x_wconf 89' lang='lat' dir='ltr'><strong>in</strong></span> <span class='ocrx_word' id='word_1_247' title='bbox 1517 2651 1664 2739; x_wconf 89' lang='lat' dir='ltr'><strong>partibus</strong></span> <span class='ocrx_word' id='word_1_248' title='bbox 1680 2649 1769 2714; x_wconf 91' lang='lat' dir='ltr'><strong>orbis</strong></span> <span class='ocrx_word' id='word_1_249' title='bbox 1785 2649 1913 2715; x_wconf 89' lang='lat' dir='ltr'><strong>occidui</strong></span> <span class='ocrx_word' id='word_1_250' title='bbox 1935 2651 2087 2736; x_wconf 86' lang='lat' dir='ltr'><strong>martyris</strong></span> 
     </span>
     <span class='ocr_line' id='line_1_23' title="bbox 433 2748 2086 2841; baseline 0.002 -28"><span class='ocrx_word' id='word_1_251' title='bbox 433 2748 580 2816; x_wconf 84' lang='lat' dir='ltr'><strong>Ferreoli</strong></span> <span class='ocrx_word' id='word_1_252' title='bbox 604 2751 709 2818; x_wconf 83' lang='lat' dir='ltr'><strong>solida</strong></span> <span class='ocrx_word' id='word_1_253' title='bbox 731 2753 901 2819; x_wconf 88' lang='lat' dir='ltr'><strong>translatio</strong></span> <span class='ocrx_word' id='word_1_254' title='bbox 926 2753 1055 2819; x_wconf 91' lang='lat' dir='ltr'><strong>adiecto</strong></span> <span class='ocrx_word' id='word_1_255' title='bbox 1078 2755 1182 2820; x_wconf 88' lang='lat' dir='ltr'><strong>nostri</strong></span> <span class='ocrx_word' id='word_1_256' title='bbox 1206 2756 1313 2841; x_wconf 91' lang='lat' dir='ltr'><strong>capite</strong></span> <span class='ocrx_word' id='word_1_257' title='bbox 1336 2755 1467 2838; x_wconf 89' lang='lat' dir='ltr'><strong>Iuliani,</strong></span> <span class='ocrx_word' id='word_1_258' title='bbox 1491 2754 1577 2841; x_wconf 88' lang='lat' dir='ltr'><strong>quod</strong></span> <span class='ocrx_word' id='word_1_259' title='bbox 1599 2755 1696 2820; x_wconf 88' lang='lat' dir='ltr'><strong>istinc</strong></span> <span class='ocrx_word' id='word_1_260' title='bbox 1719 2755 1908 2818; x_wconf 86' lang='lat' dir='ltr'><strong>turbulento</strong></span> <span class='ocrx_word' id='word_1_261' title='bbox 1925 2753 2086 2838; x_wconf 88' lang='lat' dir='ltr'><strong>quondam</strong></span> 
     </span>
     <span class='ocr_line' id='line_1_24' title="bbox 434 2857 2087 2945; baseline 0.002 -27"><span class='ocrx_word' id='word_1_262' title='bbox 434 2857 636 2938; x_wconf 87' lang='lat' dir='ltr'><strong>persecutori</strong></span> <span class='ocrx_word' id='word_1_263' title='bbox 659 2878 776 2922; x_wconf 88' lang='lat' dir='ltr'><strong>manus</strong></span> <span class='ocrx_word' id='word_1_264' title='bbox 798 2858 924 2923; x_wconf 88' lang='lat' dir='ltr'><strong>rettulit</strong></span> <span class='ocrx_word' id='word_1_265' title='bbox 947 2863 1082 2923; x_wconf 90' lang='lat' dir='ltr'><strong>cruenta</strong></span> <span class='ocrx_word' id='word_1_266' title='bbox 1105 2859 1276 2940; x_wconf 89' lang='lat' dir='ltr'><strong>carnificis,</strong></span> <span class='ocrx_word' id='word_1_267' title='bbox 1300 2881 1364 2924; x_wconf 87' lang='lat' dir='ltr'><strong>non</strong></span> <span class='ocrx_word' id='word_1_268' title='bbox 1388 2860 1541 2925; x_wconf 87' lang='lat' dir='ltr'><strong>iniurium</strong></span> <span class='ocrx_word' id='word_1_269' title='bbox 1557 2865 1619 2938; x_wconf 92' lang='lat' dir='ltr'><strong>est,</strong></span> <span class='ocrx_word' id='word_1_270' title='bbox 1642 2857 1728 2944; x_wconf 91' lang='lat' dir='ltr'><strong>quod</strong></span> <span class='ocrx_word' id='word_1_271' title='bbox 1745 2879 1803 2945; x_wconf 93' lang='lat' dir='ltr'><strong>pro</strong></span> <span class='ocrx_word' id='word_1_272' title='bbox 1820 2858 2087 2944; x_wconf 86' lang='lat' dir='ltr'><strong>compensatione</strong></span> 
     </span>
     <span class='ocr_line' id='line_1_25' title="bbox 434 2955 2087 3049; baseline 0.004 -29"><span class='ocrx_word' id='word_1_273' title='bbox 434 2955 659 3044; x_wconf 84' lang='lat' dir='ltr'><strong>deposcimus,</strong></span> <span class='ocrx_word' id='word_1_274' title='bbox 682 2967 719 3026; x_wconf 92' lang='lat' dir='ltr'><strong>ut</strong></span> <span class='ocrx_word' id='word_1_275' title='bbox 741 2960 834 3026; x_wconf 92' lang='lat' dir='ltr'><strong>nobis</strong></span> <span class='ocrx_word' id='word_1_276' title='bbox 858 2961 934 3026; x_wconf 91' lang='lat' dir='ltr'><strong>inde</strong></span> <span class='ocrx_word' id='word_1_277' title='bbox 958 2963 1067 3027; x_wconf 87' lang='lat' dir='ltr'><strong>veniat</strong></span> <span class='ocrx_word' id='word_1_278' title='bbox 1089 2983 1166 3049; x_wconf 88' lang='lat' dir='ltr'><strong>pars</strong></span> <span class='ocrx_word' id='word_1_279' title='bbox 1189 2963 1376 3047; x_wconf 88' lang='lat' dir='ltr'><strong>patrocinii,</strong></span> <span class='ocrx_word' id='word_1_280' title='bbox 1400 2965 1476 3048; x_wconf 88' lang='lat' dir='ltr'><strong>quia</strong></span> <span class='ocrx_word' id='word_1_281' title='bbox 1497 2961 1592 3026; x_wconf 84' lang='lat' dir='ltr'><strong>robis</strong></span> <span class='ocrx_word' id='word_1_282' title='bbox 1623 2962 1696 3026; x_wconf 91' lang='lat' dir='ltr'><strong>binc</strong></span> <span class='ocrx_word' id='word_1_283' title='bbox 1720 2960 1817 3026; x_wconf 91' lang='lat' dir='ltr'><strong>rediit</strong></span> <span class='ocrx_word' id='word_1_284' title='bbox 1846 2980 1922 3046; x_wconf 90' lang='lat' dir='ltr'><strong>pars</strong></span> <span class='ocrx_word' id='word_1_285' title='bbox 1950 2961 2087 3049; x_wconf 85' lang='lat' dir='ltr'><strong>patroni.</strong></span> 
     </span>
     <span class='ocr_line' id='line_1_26' title="bbox 433 3063 2139 3152; baseline 0.009 -29"><span class='ocrx_word' id='word_1_286' title='bbox 433 3079 560 3128; x_wconf 87' lang='lat' dir='ltr'><strong>memor</strong></span> <span class='ocrx_word' id='word_1_287' title='bbox 584 3064 687 3128; x_wconf 89' lang='lat' dir='ltr'><strong>nostri</strong></span> <span class='ocrx_word' id='word_1_288' title='bbox 710 3085 784 3130; x_wconf 90' lang='lat' dir='ltr'><strong>esse</strong></span> <span class='ocrx_word' id='word_1_289' title='bbox 807 3064 955 3149; x_wconf 86' lang='lat' dir='ltr'><strong>dignare,</strong></span> <span class='ocrx_word' id='word_1_290' title='bbox 979 3063 1109 3130; x_wconf 87' lang='lat' dir='ltr'><strong>dominc</strong></span> <span class='ocrx_word' id='word_1_291' title='bbox 1132 3063 1229 3152; x_wconf 77' lang='lat' dir='ltr'><strong>pap&#39;a.</strong></span> <span class='ocrx_word' id='word_1_292' title='bbox 2113 3078 2139 3118; x_wconf 76' lang='lat'><strong>²⁵</strong></span> 
     </span>
    </p>
   </div>
   <div class='ocr_carea' id='block_1_3' title="bbox 1237 3407 1281 3476">
    <p class='ocr_par' dir='ltr' id='par_1_8' title="bbox 1237 3407 1281 3476">
     <span class='ocr_line' id='line_1_27' title="bbox 1237 3407 1281 3476; baseline 0.091 -4"><span class='ocrx_word' id='word_1_293' title='bbox 1237 3407 1281 3476; x_wconf 92' lang='lat' dir='ltr'><strong>II.</strong></span> 
     </span>
    </p>
   </div>
   <div class='ocr_carea' id='block_1_4' title="bbox 742 3561 1783 3632">
    <p class='ocr_par' dir='ltr' id='par_1_9' title="bbox 742 3561 1783 3632">
     <span class='ocr_line' id='line_1_28' title="bbox 742 3561 1783 3632; baseline -0.003 -2"><span class='ocrx_word' id='word_1_294' title='bbox 742 3561 955 3630; x_wconf 81' lang='lat' dir='ltr'>SIDONIUS</span> <span class='ocrx_word' id='word_1_295' title='bbox 979 3562 1155 3630; x_wconf 85' lang='lat' dir='ltr'>DOMINO</span> <span class='ocrx_word' id='word_1_296' title='bbox 1178 3563 1328 3630; x_wconf 83' lang='lat' dir='ltr'><strong>PAPAE</strong></span> <span class='ocrx_word' id='word_1_297' title='bbox 1352 3562 1536 3632; x_wconf 78' lang='lat' dir='ltr'>GRAECO</span> <span class='ocrx_word' id='word_1_298' title='bbox 1561 3561 1783 3632; x_wconf 80' lang='lat' dir='ltr'><strong>SALUTEM.</strong></span> 
     </span>
    </p>
   </div>
   <div class='ocr_carea' id='block_1_5' title="bbox 381 3678 2137 4425">
    <p class='ocr_par' dir='ltr' id='par_1_10' title="bbox 381 3678 2137 4425">
     <span class='ocr_line' id='line_1_29' title="bbox 381 3678 2084 3798; baseline -0.003 -22"><span class='ocrx_word' id='word_1_299' title='bbox 381 3703 394 3763; x_wconf 85' lang='lat'><strong>¹</strong></span> <span class='ocrx_word' id='word_1_300' title='bbox 538 3678 691 3791; x_wconf 73' lang='lat' dir='ltr'><strong>Oranus,</strong></span> <span class='ocrx_word' id='word_1_301' title='bbox 715 3711 1031 3778; x_wconf 89' lang='lat' dir='ltr'><strong>consummatissime</strong></span> <span class='ocrx_word' id='word_1_302' title='bbox 1047 3711 1247 3798; x_wconf 87' lang='lat' dir='ltr'><strong>pontificum,</strong></span> <span class='ocrx_word' id='word_1_303' title='bbox 1271 3712 1502 3780; x_wconf 82' lang='lat' dir='ltr'><strong>verecundiam</strong></span> <span class='ocrx_word' id='word_1_304' title='bbox 1517 3732 1636 3796; x_wconf 89' lang='lat' dir='ltr'><strong>meam,</strong></span> <span class='ocrx_word' id='word_1_305' title='bbox 1658 3709 1837 3776; x_wconf 79' lang='lat' dir='ltr'><strong>multitaria</strong></span> <span class='ocrx_word' id='word_1_306' title='bbox 1858 3707 1956 3774; x_wconf 88' lang='lat' dir='ltr'><strong>laude</strong></span> <span class='ocrx_word' id='word_1_307' title='bbox 1972 3729 2084 3773; x_wconf 93' lang='lat' dir='ltr'><strong>cumu-</strong></span> 
     </span>
     <span class='ocr_line' id='line_1_30' title="bbox 428 3809 2084 3904; baseline -0.003 -24"><span class='ocrx_word' id='word_1_308' title='bbox 428 3814 526 3880; x_wconf 89' lang='lat' dir='ltr'><strong>lando</strong></span> <span class='ocrx_word' id='word_1_309' title='bbox 550 3815 578 3879; x_wconf 90' lang='lat' dir='ltr'><strong>si</strong></span> <span class='ocrx_word' id='word_1_310' title='bbox 601 3815 678 3901; x_wconf 91' lang='lat' dir='ltr'><strong>quid</strong></span> <span class='ocrx_word' id='word_1_311' title='bbox 702 3816 775 3881; x_wconf 89' lang='lat' dir='ltr'><strong>stilo</strong></span> <span class='ocrx_word' id='word_1_312' title='bbox 806 3817 984 3883; x_wconf 87' lang='lat' dir='ltr'><strong>rusticante</strong></span> <span class='ocrx_word' id='word_1_313' title='bbox 1011 3836 1218 3901; x_wconf 88' lang='lat' dir='ltr'><strong>peraravero.</strong></span> <span class='ocrx_word' id='word_1_314' title='bbox 1275 3823 1374 3904; x_wconf 89' lang='lat' dir='ltr'><strong>atqua</strong></span> <span class='ocrx_word' id='word_1_315' title='bbox 1403 3809 1526 3884; x_wconf 86' lang='lat' dir='ltr'><strong>utinam</strong></span> <span class='ocrx_word' id='word_1_316' title='bbox 1554 3823 1647 3882; x_wconf 90' lang='lat' dir='ltr'><strong>reatu</strong></span> <span class='ocrx_word' id='word_1_317' title='bbox 1675 3822 1802 3896; x_wconf 87' lang='lat' dir='ltr'><strong>careat,</strong></span> <span class='ocrx_word' id='word_1_318' title='bbox 1838 3813 1924 3899; x_wconf 91' lang='lat' dir='ltr'><strong>quod</strong></span> <span class='ocrx_word' id='word_1_319' title='bbox 1955 3812 2084 3897; x_wconf 87' lang='lat' dir='ltr'><strong>epicum</strong></span> 
     </span>
     <span class='ocr_line' id='line_1_31' title="bbox 427 3911 2085 4006; baseline -0.002 -24"><span class='ocrx_word' id='word_1_320' title='bbox 427 3919 570 4005; x_wconf 86' lang='lat' dir='ltr'><strong>primore</strong></span> <span class='ocrx_word' id='word_1_321' title='bbox 603 3940 782 4005; x_wconf 83' lang='lat' dir='ltr'><strong>congressu</strong></span> <span class='ocrx_word' id='word_1_322' title='bbox 818 3939 1013 4006; x_wconf 86' lang='lat' dir='ltr'><strong>quamquam</strong></span> <span class='ocrx_word' id='word_1_323' title='bbox 1048 3919 1313 4006; x_wconf 89' lang='lat' dir='ltr'><strong>circumscriptus</strong></span> <span class='ocrx_word' id='word_1_324' title='bbox 1344 3921 1473 3985; x_wconf 81' lang='lat' dir='ltr'><strong>veritati</strong></span> <span class='ocrx_word' id='word_1_325' title='bbox 1507 3920 1703 3986; x_wconf 89' lang='lat' dir='ltr'><strong>resultantia</strong></span> <span class='ocrx_word' id='word_1_326' title='bbox 1737 3925 1847 3984; x_wconf 87' lang='lat' dir='ltr'><strong>tamen</strong></span> <span class='ocrx_word' id='word_1_327' title='bbox 1886 3924 1921 3982; x_wconf 92' lang='lat' dir='ltr'><strong>et</strong></span> <span class='ocrx_word' id='word_1_328' title='bbox 1954 3911 2085 3982; x_wconf 85' lang='lat' dir='ltr'><strong>diversa</strong></span> 
     </span>
     <span class='ocr_line' id='line_1_32' title="bbox 430 4021 2137 4112; baseline -0.001 -27"><span class='ocrx_word' id='word_1_329' title='bbox 430 4022 585 4099; x_wconf 84' lang='lat' dir='ltr'><strong>conexui;</strong></span> <span class='ocrx_word' id='word_1_330' title='bbox 609 4025 814 4109; x_wconf 88' lang='lat' dir='ltr'><strong>ignorantiae</strong></span> <span class='ocrx_word' id='word_1_331' title='bbox 838 4023 997 4110; x_wconf 91' lang='lat' dir='ltr'><strong>siquidem</strong></span> <span class='ocrx_word' id='word_1_332' title='bbox 1021 4044 1114 4089; x_wconf 88' lang='lat' dir='ltr'><strong>meaa</strong></span> <span class='ocrx_word' id='word_1_333' title='bbox 1138 4023 1276 4089; x_wconf 91' lang='lat' dir='ltr'><strong>callidus</strong></span> <span class='ocrx_word' id='word_1_334' title='bbox 1291 4025 1398 4089; x_wconf 86' lang='lat' dir='ltr'><strong>viator</strong></span> <span class='ocrx_word' id='word_1_335' title='bbox 1420 4025 1586 4112; x_wconf 88' lang='lat' dir='ltr'><strong>imposuit.</strong></span> <span class='ocrx_word' id='word_1_336' title='bbox 1630 4045 1706 4089; x_wconf 91' lang='lat' dir='ltr'><strong>uam</strong></span> <span class='ocrx_word' id='word_1_337' title='bbox 1729 4022 1805 4087; x_wconf 91' lang='lat' dir='ltr'><strong>dum</strong></span> <span class='ocrx_word' id='word_1_338' title='bbox 1829 4021 1935 4086; x_wconf 89' lang='lat' dir='ltr'><strong>solum</strong></span> <span class='ocrx_word' id='word_1_339' title='bbox 1955 4040 2083 4085; x_wconf 87' lang='lat' dir='ltr'><strong>merea·</strong></span> <span class='ocrx_word' id='word_1_340' title='bbox 2110 4032 2137 4072; x_wconf 82' lang='lat'><strong>³⁰</strong></span> 
     </span>
     <span class='ocr_line' id='line_1_33' title="bbox 429 4123 2082 4212; baseline 0.001 -25"><span class='ocrx_word' id='word_1_341' title='bbox 429 4123 506 4188; x_wconf 90' lang='lat' dir='ltr'><strong>toris</strong></span> <span class='ocrx_word' id='word_1_342' title='bbox 529 4123 712 4212; x_wconf 88' lang='lat' dir='ltr'><strong>praetendit</strong></span> <span class='ocrx_word' id='word_1_343' title='bbox 732 4127 891 4209; x_wconf 83' lang='lat' dir='ltr'><strong>cilicium,</strong></span> <span class='ocrx_word' id='word_1_344' title='bbox 921 4129 1048 4194; x_wconf 89' lang='lat' dir='ltr'><strong>litteras</strong></span> <span class='ocrx_word' id='word_1_345' title='bbox 1077 4149 1167 4194; x_wconf 88' lang='lat' dir='ltr'><strong>meas</strong></span> <span class='ocrx_word' id='word_1_346' title='bbox 1195 4128 1238 4194; x_wconf 88' lang='lat' dir='ltr'><strong>ad</strong></span> <span class='ocrx_word' id='word_1_347' title='bbox 1264 4129 1424 4196; x_wconf 84' lang='lat' dir='ltr'><strong>formatae</strong></span> <span class='ocrx_word' id='word_1_348' title='bbox 1453 4131 1575 4210; x_wconf 85' lang='lat' dir='ltr'><strong>ricem,</strong></span> <span class='ocrx_word' id='word_1_349' title='bbox 1603 4129 1730 4195; x_wconf 89' lang='lat' dir='ltr'><strong>scilicet</strong></span> <span class='ocrx_word' id='word_1_350' title='bbox 1751 4136 1788 4194; x_wconf 92' lang='lat' dir='ltr'><strong>ut</strong></span> <span class='ocrx_word' id='word_1_351' title='bbox 1810 4127 1928 4210; x_wconf 84' lang='lat' dir='ltr'><strong>lector,</strong></span> <span class='ocrx_word' id='word_1_352' title='bbox 1960 4124 2082 4204; x_wconf 90' lang='lat' dir='ltr'><strong>elicuit,</strong></span> 
     </span>
     <span class='ocr_line' id='line_1_34' title="bbox 428 4227 2079 4320; baseline 0.001 -29"><span class='ocrx_word' id='word_1_353' title='bbox 428 4227 485 4292; x_wconf 91' lang='lat' dir='ltr'><strong>sed</strong></span> <span class='ocrx_word' id='word_1_354' title='bbox 509 4249 590 4315; x_wconf 87' lang='lat' dir='ltr'><strong>quas</strong></span> <span class='ocrx_word' id='word_1_355' title='bbox 612 4229 754 4315; x_wconf 86' lang='lat' dir='ltr'><strong>aliquam</strong></span> <span class='ocrx_word' id='word_1_356' title='bbox 777 4234 955 4318; x_wconf 89' lang='lat' dir='ltr'><strong>gratiarum</strong></span> <span class='ocrx_word' id='word_1_357' title='bbox 977 4233 1141 4298; x_wconf 89' lang='lat' dir='ltr'><strong>actionem</strong></span> <span class='ocrx_word' id='word_1_358' title='bbox 1165 4236 1334 4301; x_wconf 92' lang='lat' dir='ltr'><strong>continere</strong></span> <span class='ocrx_word' id='word_1_359' title='bbox 1357 4235 1533 4300; x_wconf 90' lang='lat' dir='ltr'><strong>decuisset.</strong></span> <span class='ocrx_word' id='word_1_360' title='bbox 1577 4251 1736 4320; x_wconf 88' lang='lat' dir='ltr'><strong>namque,</strong></span> <span class='ocrx_word' id='word_1_361' title='bbox 1767 4238 1803 4296; x_wconf 90' lang='lat' dir='ltr'><strong>ut</strong></span> <span class='ocrx_word' id='word_1_362' title='bbox 1825 4235 1901 4317; x_wconf 86' lang='lat' dir='ltr'><strong>post</strong></span> <span class='ocrx_word' id='word_1_363' title='bbox 1924 4229 2079 4312; x_wconf 90' lang='lat' dir='ltr'><strong>comperi,</strong></span> 
     </span>
     <span class='ocr_line' id='line_1_35' title="bbox 426 4331 2083 4425; baseline -0.001 -29"><span class='ocrx_word' id='word_1_364' title='bbox 426 4332 500 4417; x_wconf 88' lang='lat' dir='ltr'><strong>plus</strong></span> <span class='ocrx_word' id='word_1_365' title='bbox 522 4331 778 4400; x_wconf 86' lang='lat' dir='ltr'><strong>Massiliensium</strong></span> <span class='ocrx_word' id='word_1_366' title='bbox 801 4336 1002 4422; x_wconf 84' lang='lat' dir='ltr'><strong>benignitate</strong></span> <span class='ocrx_word' id='word_1_367' title='bbox 1025 4336 1191 4425; x_wconf 81' lang='lat' dir='ltr'><strong>proiectus</strong></span> <span class='ocrx_word' id='word_1_368' title='bbox 1215 4344 1276 4418; x_wconf 89' lang='lat' dir='ltr'><strong>est,</strong></span> <span class='ocrx_word' id='word_1_369' title='bbox 1299 4358 1396 4423; x_wconf 87' lang='lat' dir='ltr'><strong>quam</strong></span> <span class='ocrx_word' id='word_1_370' title='bbox 1420 4345 1525 4404; x_wconf 86' lang='lat' dir='ltr'><strong>status</strong></span> <span class='ocrx_word' id='word_1_371' title='bbox 1548 4338 1598 4403; x_wconf 90' lang='lat' dir='ltr'><strong>sui</strong></span> <span class='ocrx_word' id='word_1_372' title='bbox 1620 4358 1679 4404; x_wconf 90' lang='lat' dir='ltr'><strong>seu</strong></span> <span class='ocrx_word' id='word_1_373' title='bbox 1702 4353 1919 4423; x_wconf 89' lang='lat' dir='ltr'><strong>percensum</strong></span> <span class='ocrx_word' id='word_1_374' title='bbox 1942 4352 2000 4396; x_wconf 88' lang='lat' dir='ltr'><strong>seu</strong></span> <span class='ocrx_word' id='word_1_375' title='bbox 2023 4351 2083 4417; x_wconf 92' lang='lat' dir='ltr'><strong>par</strong></span> 
     </span>
    </p>
   </div>
   <div class='ocr_carea' id='block_1_6' title="bbox 416 4591 2082 5631">
    <p class='ocr_par' dir='ltr' id='par_1_11' title="bbox 416 4591 2082 5631">
     <span class='ocr_line' id='line_1_36' title="bbox 527 4591 2082 4665; baseline 0.001 -20"><span class='ocrx_word' id='word_1_376' title='bbox 527 4591 713 4649; x_wconf 71' lang='lat' dir='ltr'><strong>dimunitioni</strong></span> <span class='ocrx_word' id='word_1_377' title='bbox 731 4596 765 4646; x_wconf 81' lang='lat' dir='ltr'><em>M</em></span> <span class='ocrx_word' id='word_1_378' title='bbox 812 4604 873 4664; x_wconf 79' lang='lat' dir='ltr'><strong>post</strong></span> <span class='ocrx_word' id='word_1_379' title='bbox 890 4597 1033 4665; x_wconf 84' lang='lat' dir='ltr'><strong>desperatio</strong></span> <span class='ocrx_word' id='word_1_380' title='bbox 1051 4601 1082 4649; x_wconf 73' lang='lat'><strong>12</strong></span> <span class='ocrx_word' id='word_1_381' title='bbox 1100 4598 1145 4650; x_wconf 74' lang='lat' dir='ltr'><strong>lla</strong></span> <span class='ocrx_word' id='word_1_382' title='bbox 1163 4614 1230 4651; x_wconf 81' lang='lat' dir='ltr'><strong>eras.</strong></span> <span class='ocrx_word' id='word_1_383' title='bbox 1249 4596 1290 4648; x_wconf 75' lang='lat' dir='ltr'><strong>P’</strong></span> <span class='ocrx_word' id='word_1_384' title='bbox 1342 4598 1526 4652; x_wconf 64' lang='lat' dir='ltr'><strong>enuntiaretur</strong></span> <span class='ocrx_word' id='word_1_385' title='bbox 1543 4595 1572 4648; x_wconf 87' lang='lat' dir='ltr'><em>F</em></span> <span class='ocrx_word' id='word_1_386' title='bbox 1652 4591 1671 4646; x_wconf 73' lang='grc'><strong>’6</strong></span> <span class='ocrx_word' id='word_1_387' title='bbox 1687 4609 1807 4647; x_wconf 76' lang='lat' dir='ltr'><strong>racemus</strong></span> <span class='ocrx_word' id='word_1_388' title='bbox 1827 4591 1849 4642; x_wconf 80' lang='grc'><em>0</em></span> <span class='ocrx_word' id='word_1_389' title='bbox 1897 4592 2082 4644; x_wconf 68' lang='lat' dir='ltr'><strong>siccarentur</strong></span> 
     </span>
     <span class='ocr_line' id='line_1_37' title="bbox 423 4711 2080 4786; baseline -0.001 -22"><span class='ocrx_word' id='word_1_390' title='bbox 423 4711 462 4778; x_wconf 89' lang='lat' dir='ltr'><strong>(re</strong></span> <span class='ocrx_word' id='word_1_391' title='bbox 478 4721 507 4764; x_wconf 85' lang='lat' dir='ltr'><strong>ut</strong></span> <span class='ocrx_word' id='word_1_392' title='bbox 524 4732 547 4766; x_wconf 84' lang='lat' dir='ltr'><strong>u.</strong></span> <span class='ocrx_word' id='word_1_393' title='bbox 566 4731 632 4769; x_wconf 80' lang='lat' dir='ltr'><strong>arcs.</strong></span> <span class='ocrx_word' id='word_1_394' title='bbox 649 4715 699 4782; x_wconf 81' lang='lat'><strong>1³¹&gt;</strong></span> <span class='ocrx_word' id='word_1_395' title='bbox 716 4714 742 4767; x_wconf 87' lang='lat' dir='ltr'><em>P</em></span> <span class='ocrx_word' id='word_1_396' title='bbox 843 4715 1007 4772; x_wconf 77' lang='lat' dir='ltr'><strong>‘tinuisitato</strong></span> <span class='ocrx_word' id='word_1_397' title='bbox 1025 4719 1167 4786; x_wconf 75' lang='lat' dir='ltr'><strong>Hcrsptiscs,</strong></span> <span class='ocrx_word' id='word_1_398' title='bbox 1183 4719 1305 4772; x_wconf 83' lang='lat' dir='ltr'><strong>inusitato</strong></span> <span class='ocrx_word' id='word_1_399' title='bbox 1318 4719 1422 4772; x_wconf 79' lang='lat' dir='ltr'><em>MGFP</em></span> <span class='ocrx_word' id='word_1_400' title='bbox 1488 4736 1566 4786; x_wconf 81' lang='lat' dir='ltr'><strong>super</strong></span> <span class='ocrx_word' id='word_1_401' title='bbox 1584 4719 1751 4770; x_wconf 69' lang='lat' dir='ltr'><strong>sentirem.</strong></span> <span class='ocrx_word' id='word_1_402' title='bbox 1770 4716 1837 4779; x_wconf 73' lang='lat' dir='ltr'><strong>teet,</strong></span> <span class='ocrx_word' id='word_1_403' title='bbox 1854 4731 1931 4780; x_wconf 70' lang='lat' dir='ltr'><strong>pssum</strong></span> <span class='ocrx_word' id='word_1_404' title='bbox 1948 4714 2011 4766; x_wconf 80' lang='lat' dir='ltr'><strong>cdd.</strong></span> <span class='ocrx_word' id='word_1_405' title='bbox 2023 4712 2058 4763; x_wconf 77' lang='lat' dir='ltr'><em>M</em></span> <span class='ocrx_word' id='word_1_406' title='bbox 2062 4713 2080 4778; x_wconf 88' lang='lat'><strong>¹,</strong></span> 
     </span>
     <span class='ocr_line' id='line_1_38' title="bbox 421 4833 2079 4908; baseline 0.001 -24"><span class='ocrx_word' id='word_1_407' title='bbox 421 4850 487 4886; x_wconf 81' lang='lat' dir='ltr'><strong>eros.</strong></span> <span class='ocrx_word' id='word_1_408' title='bbox 506 4833 554 4886; x_wconf 72' lang='grc' dir='ltr'><strong>Μ’</strong></span> <span class='ocrx_word' id='word_1_409' title='bbox 658 4833 676 4886; x_wconf 84' lang='grc'>8</span> <span class='ocrx_word' id='word_1_410' title='bbox 694 4837 804 4903; x_wconf 85' lang='lat' dir='ltr'><strong>primum</strong></span> <span class='ocrx_word' id='word_1_411' title='bbox 821 4838 902 4905; x_wconf 86' lang='lat' dir='ltr'><strong>igitur</strong></span> <span class='ocrx_word' id='word_1_412' title='bbox 921 4838 944 4889; x_wconf 85' lang='lat'><em>0</em></span> <span class='ocrx_word' id='word_1_413' title='bbox 1010 4840 1090 4892; x_wconf 72' lang='lat' dir='ltr'><strong>naabi</strong></span> <span class='ocrx_word' id='word_1_414' title='bbox 1111 4840 1207 4892; x_wconf 87' lang='lat' dir='ltr'><strong>ordinis</strong></span> <span class='ocrx_word' id='word_1_415' title='bbox 1230 4841 1293 4892; x_wconf 79' lang='lat' dir='ltr'><strong>viris</strong></span> <span class='ocrx_word' id='word_1_416' title='bbox 1317 4847 1343 4893; x_wconf 84' lang='lat' dir='ltr'><strong>et</strong></span> <span class='ocrx_word' id='word_1_417' title='bbox 1365 4841 1406 4892; x_wconf 87' lang='lat' dir='ltr'><strong>iris</strong></span> <span class='ocrx_word' id='word_1_418' title='bbox 1429 4842 1517 4908; x_wconf 87' lang='lat' dir='ltr'><strong>paucis</strong></span> <span class='ocrx_word' id='word_1_419' title='bbox 1540 4840 1632 4892; x_wconf 87' lang='lat' dir='ltr'><strong>indicis</strong></span> <span class='ocrx_word' id='word_1_420' title='bbox 1649 4839 1745 4891; x_wconf 83' lang='lat' dir='ltr'><strong>ieiunia</strong></span> <span class='ocrx_word' id='word_1_421' title='bbox 1762 4837 1789 4888; x_wconf 82' lang='lat' dir='ltr'><strong>in</strong></span> <span class='ocrx_word' id='word_1_422' title='bbox 1805 4853 1860 4888; x_wconf 81' lang='lat' dir='ltr'><strong>rac.</strong></span> <span class='ocrx_word' id='word_1_423' title='bbox 1878 4834 1927 4896; x_wconf 61' lang='lat' dir='ltr'><strong>M?</strong></span> <span class='ocrx_word' id='word_1_424' title='bbox 1996 4843 2022 4887; x_wconf 90' lang='lat' dir='ltr'><strong>al</strong></span> <span class='ocrx_word' id='word_1_425' title='bbox 2038 4835 2079 4898; x_wconf 77' lang='lat' dir='ltr'><strong>bis</strong></span> 
     </span>
     <span class='ocr_line' id='line_1_39' title="bbox 421 4954 2082 5028; baseline 0 -22"><span class='ocrx_word' id='word_1_426' title='bbox 421 4955 509 5021; x_wconf 78' lang='lat' dir='ltr'><strong>paneis</strong></span> <span class='ocrx_word' id='word_1_427' title='bbox 527 4956 607 5008; x_wconf 87' lang='lat' dir='ltr'><strong>nostri</strong></span> <span class='ocrx_word' id='word_1_428' title='bbox 625 4957 721 5008; x_wconf 85' lang='lat' dir='ltr'><strong>ordinis</strong></span> <span class='ocrx_word' id='word_1_429' title='bbox 738 4958 801 5010; x_wconf 83' lang='lat' dir='ltr'><strong>viris</strong></span> <span class='ocrx_word' id='word_1_430' title='bbox 821 4959 869 5011; x_wconf 80' lang='lat' dir='ltr'><strong>OF</strong></span> <span class='ocrx_word' id='word_1_431' title='bbox 952 4957 969 5009; x_wconf 87' lang='grc'><strong>9</strong></span> <span class='ocrx_word' id='word_1_432' title='bbox 985 4961 1087 5028; x_wconf 81' lang='lat' dir='ltr'><strong>flagicia</strong></span> <span class='ocrx_word' id='word_1_433' title='bbox 1106 4959 1129 5011; x_wconf 83' lang='lat'><em>0</em></span> <span class='ocrx_word' id='word_1_434' title='bbox 1213 4957 1246 5010; x_wconf 91' lang='lat'><strong>10</strong></span> <span class='ocrx_word' id='word_1_435' title='bbox 1263 4961 1431 5014; x_wconf 82' lang='lat' dir='ltr'><strong>denunciatus</strong></span> <span class='ocrx_word' id='word_1_436' title='bbox 1449 4961 1504 5012; x_wconf 79' lang='lat' dir='ltr'><strong>Mo</strong></span> <span class='ocrx_word' id='word_1_437' title='bbox 1553 4960 1717 5027; x_wconf 76' lang='lat' dir='ltr'><strong>frequentia·</strong></span> <span class='ocrx_word' id='word_1_438' title='bbox 1736 4954 1827 5022; x_wconf 81' lang='lat' dir='ltr'><strong>(unam</strong></span> <span class='ocrx_word' id='word_1_439' title='bbox 1845 4956 1892 5008; x_wconf 84' lang='lat' dir='ltr'><strong>litt.</strong></span> <span class='ocrx_word' id='word_1_440' title='bbox 1910 4972 1978 5007; x_wconf 81' lang='lat' dir='ltr'><strong>eras.</strong></span> <span class='ocrx_word' id='word_1_441' title='bbox 1993 4954 2044 5021; x_wconf 58' lang='lat' dir='ltr'><strong>Pi)</strong></span> <span class='ocrx_word' id='word_1_442' title='bbox 2056 4954 2082 5004; x_wconf 91' lang='lat' dir='ltr'><strong><em>P</em></strong></span> 
     </span>
     <span class='ocr_line' id='line_1_40' title="bbox 423 5037 2078 5148; baseline 0.002 -22"><span class='ocrx_word' id='word_1_443' title='bbox 423 5072 452 5126; x_wconf 89' lang='lat'><strong>11</strong></span> <span class='ocrx_word' id='word_1_444' title='bbox 471 5091 528 5128; x_wconf 82' lang='lat' dir='ltr'><strong>cass</strong></span> <span class='ocrx_word' id='word_1_445' title='bbox 545 5076 631 5130; x_wconf 82' lang='grc' dir='ltr'>οιιι.0</span> <span class='ocrx_word' id='word_1_446' title='bbox 732 5075 765 5130; x_wconf 84' lang='grc'><strong>16</strong></span> <span class='ocrx_word' id='word_1_447' title='bbox 782 5079 943 5132; x_wconf 77' lang='lat' dir='ltr'><strong>deincabst&#39;</strong></span> <span class='ocrx_word' id='word_1_448' title='bbox 991 5080 1102 5148; x_wconf 83' lang='lat' dir='ltr'><strong>dampna</strong></span> <span class='ocrx_word' id='word_1_449' title='bbox 1116 5078 1202 5134; x_wconf 71' lang='lat' dir='ltr'><strong>Mos*-</strong></span> <span class='ocrx_word' id='word_1_450' title='bbox 1282 5078 1315 5132; x_wconf 89' lang='lat'><strong>18</strong></span> <span class='ocrx_word' id='word_1_451' title='bbox 1331 5037 1488 5134; x_wconf 70' lang='lat' dir='ltr'><strong>sacroassuetas</strong></span> <span class='ocrx_word' id='word_1_452' title='bbox 1498 5079 1532 5129; x_wconf 83' lang='lat' dir='ltr'><em>M</em></span> <span class='ocrx_word' id='word_1_453' title='bbox 1537 5080 1545 5110; x_wconf 87' lang='lat'>¹</span> <span class='ocrx_word' id='word_1_454' title='bbox 1651 5077 1684 5129; x_wconf 81' lang='lat'><strong>19</strong></span> <span class='ocrx_word' id='word_1_455' title='bbox 1701 5093 1807 5130; x_wconf 81' lang='lat' dir='ltr'><strong>suarum</strong></span> <span class='ocrx_word' id='word_1_456' title='bbox 1827 5075 1864 5142; x_wconf 85' lang='lat' dir='ltr'><strong>(id</strong></span> <span class='ocrx_word' id='word_1_457' title='bbox 1881 5094 1902 5130; x_wconf 89' lang='grc' dir='ltr'>ι.</span> <span class='ocrx_word' id='word_1_458' title='bbox 1920 5078 1938 5129; x_wconf 92' lang='lat' dir='ltr'><strong>l.</strong></span> <span class='ocrx_word' id='word_1_459' title='bbox 1956 5076 2019 5128; x_wconf 79' lang='lat' dir='ltr'><strong>cdd.</strong></span> <span class='ocrx_word' id='word_1_460' title='bbox 2031 5075 2078 5142; x_wconf 80' lang='lat'><strong>0¹)</strong></span> 
     </span>
     <span class='ocr_line' id='line_1_41' title="bbox 419 5181 2082 5270; baseline 0.002 -26"><span class='ocrx_word' id='word_1_461' title='bbox 419 5196 598 5249; x_wconf 67' lang='lat' dir='ltr'><strong>orationum&amp;</strong></span> <span class='ocrx_word' id='word_1_462' title='bbox 698 5195 731 5250; x_wconf 79' lang='lat'><strong>21</strong></span> <span class='ocrx_word' id='word_1_463' title='bbox 749 5200 882 5252; x_wconf 78' lang='lat' dir='ltr'><strong>martirum</strong></span> <span class='ocrx_word' id='word_1_464' title='bbox 892 5199 948 5251; x_wconf 74' lang='lat' dir='ltr'><strong>MC</strong></span> <span class='ocrx_word' id='word_1_465' title='bbox 1011 5209 1081 5268; x_wconf 84' lang='lat' dir='ltr'><strong>parts</strong></span> <span class='ocrx_word' id='word_1_466' title='bbox 1099 5200 1125 5252; x_wconf 88' lang='lat' dir='ltr'><strong><em>P</em></strong></span> <span class='ocrx_word' id='word_1_467' title='bbox 1139 5210 1163 5254; x_wconf 87' lang='lat' dir='ltr'><strong>ct</strong></span> <span class='ocrx_word' id='word_1_468' title='bbox 1179 5219 1247 5254; x_wconf 80' lang='lat' dir='ltr'><strong>corr.</strong></span> <span class='ocrx_word' id='word_1_469' title='bbox 1264 5203 1326 5270; x_wconf 77' lang='lat' dir='ltr'><strong>ras.</strong></span> <span class='ocrx_word' id='word_1_470' title='bbox 1338 5220 1370 5256; x_wconf 72' lang='lat' dir='ltr'><strong>aa</strong></span> <span class='ocrx_word' id='word_1_471' title='bbox 1387 5203 1454 5270; x_wconf 83' lang='lat' dir='ltr'><strong>parti</strong></span> <span class='ocrx_word' id='word_1_472' title='bbox 1463 5201 1497 5251; x_wconf 79' lang='lat' dir='ltr'><em>M</em></span> <span class='ocrx_word' id='word_1_473' title='bbox 1502 5202 1511 5232; x_wconf 91' lang='lat'><strong>¹</strong></span> <span class='ocrx_word' id='word_1_474' title='bbox 1615 5199 1715 5252; x_wconf 88' lang='lat' dir='ltr'><strong>occidui</strong></span> <span class='ocrx_word' id='word_1_475' title='bbox 1733 5199 1802 5251; x_wconf 88' lang='lat' dir='ltr'><strong>orbis</strong></span> <span class='ocrx_word' id='word_1_476' title='bbox 1812 5197 1841 5249; x_wconf 86' lang='lat' dir='ltr'><em>F</em></span> <span class='ocrx_word' id='word_1_477' title='bbox 1906 5181 2016 5250; x_wconf 85' lang='lat' dir='ltr'><strong>martiris</strong></span> <span class='ocrx_word' id='word_1_478' title='bbox 2026 5195 2082 5248; x_wconf 81' lang='lat' dir='ltr'><strong>MC</strong></span> 
     </span>
     <span class='ocr_line' id='line_1_42' title="bbox 418 5274 2081 5389; baseline -0.001 -20"><span class='ocrx_word' id='word_1_479' title='bbox 418 5313 453 5368; x_wconf 73' lang='lat'><strong>22</strong></span> <span class='ocrx_word' id='word_1_480' title='bbox 470 5274 631 5384; x_wconf 61' lang='lat' dir='ltr'><strong>quodam-M</strong></span> <span class='ocrx_word' id='word_1_481' title='bbox 635 5317 644 5349; x_wconf 94' lang='lat'><strong>¹</strong></span> <span class='ocrx_word' id='word_1_482' title='bbox 748 5317 784 5372; x_wconf 77' lang='lat'><strong>23</strong></span> <span class='ocrx_word' id='word_1_483' title='bbox 800 5321 888 5374; x_wconf 81' lang='lat' dir='ltr'><strong>retulit</strong></span> <span class='ocrx_word' id='word_1_484' title='bbox 903 5321 1009 5374; x_wconf 79' lang='lat' dir='ltr'><em>MOFP</em></span> <span class='ocrx_word' id='word_1_485' title='bbox 1109 5320 1145 5374; x_wconf 76' lang='lat'><strong>24</strong></span> <span class='ocrx_word' id='word_1_486' title='bbox 1164 5323 1238 5375; x_wconf 88' lang='lat' dir='ltr'><strong>rediit</strong></span> <span class='ocrx_word' id='word_1_487' title='bbox 1255 5324 1316 5376; x_wconf 88' lang='lat' dir='ltr'><strong>binc</strong></span> <span class='ocrx_word' id='word_1_488' title='bbox 1327 5323 1357 5375; x_wconf 92' lang='lat' dir='ltr'><em>F</em></span> <span class='ocrx_word' id='word_1_489' title='bbox 1456 5320 1491 5376; x_wconf 71' lang='lat' dir='ltr'><strong>ab</strong></span> <span class='ocrx_word' id='word_1_490' title='bbox 1509 5339 1565 5375; x_wconf 86' lang='lat' dir='ltr'><strong>csse</strong></span> <span class='ocrx_word' id='word_1_491' title='bbox 1584 5323 1689 5389; x_wconf 87' lang='lat' dir='ltr'><strong>dignare</strong></span> <span class='ocrx_word' id='word_1_492' title='bbox 1707 5321 1808 5373; x_wconf 85' lang='lat' dir='ltr'><strong>domine</strong></span> <span class='ocrx_word' id='word_1_493' title='bbox 1826 5336 1891 5388; x_wconf 87' lang='lat' dir='ltr'><strong>papa</strong></span> <span class='ocrx_word' id='word_1_494' title='bbox 1908 5337 1957 5372; x_wconf 84' lang='lat' dir='ltr'><strong>om.</strong></span> <span class='ocrx_word' id='word_1_495' title='bbox 1976 5317 2081 5369; x_wconf 84' lang='lat' dir='ltr'><em>MOFP</em></span> 
     </span>
     <span class='ocr_line' id='line_1_43' title="bbox 418 5433 2081 5509; baseline 0.001 -21"><span class='ocrx_word' id='word_1_496' title='bbox 418 5433 453 5488; x_wconf 78' lang='grc'><strong>26</strong></span> <span class='ocrx_word' id='word_1_497' title='bbox 471 5437 541 5503; x_wconf 75' lang='lat' dir='ltr'><strong>epist.</strong></span> <span class='ocrx_word' id='word_1_498' title='bbox 561 5438 599 5489; x_wconf 90' lang='lat' dir='ltr'><strong>II</strong></span> <span class='ocrx_word' id='word_1_499' title='bbox 612 5446 690 5490; x_wconf 76' lang='lat' dir='ltr'><strong>totam</strong></span> <span class='ocrx_word' id='word_1_500' title='bbox 707 5455 756 5490; x_wconf 85' lang='grc' dir='ltr'>οιιι.</span> <span class='ocrx_word' id='word_1_501' title='bbox 775 5439 829 5492; x_wconf 76' lang='grc' dir='ltr'><strong>Μ’</strong></span> <span class='ocrx_word' id='word_1_502' title='bbox 894 5441 1016 5494; x_wconf 82' lang='lat' dir='ltr'><strong>Sidonius</strong></span> <span class='ocrx_word' id='word_1_503' title='bbox 1040 5441 1142 5494; x_wconf 89' lang='lat' dir='ltr'><strong>domino</strong></span> <span class='ocrx_word' id='word_1_504' title='bbox 1159 5450 1183 5493; x_wconf 82' lang='lat' dir='ltr'><strong>ct</strong></span> <span class='ocrx_word' id='word_1_505' title='bbox 1200 5442 1309 5495; x_wconf 81' lang='lat' dir='ltr'><strong>salutem</strong></span> <span class='ocrx_word' id='word_1_506' title='bbox 1327 5461 1376 5496; x_wconf 82' lang='lat' dir='ltr'><strong>om.</strong></span> <span class='ocrx_word' id='word_1_507' title='bbox 1395 5443 1424 5495; x_wconf 98' lang='lat' dir='ltr'><em>F</em></span> <span class='ocrx_word' id='word_1_508' title='bbox 1523 5440 1557 5494; x_wconf 76' lang='lat'><strong>27</strong></span> <span class='ocrx_word' id='word_1_509' title='bbox 1576 5443 1739 5509; x_wconf 80' lang='lat' dir='ltr'><strong>multiphariis</strong></span> <span class='ocrx_word' id='word_1_510' title='bbox 1757 5441 1786 5492; x_wconf 92' lang='lat' dir='ltr'><em>F</em></span> <span class='ocrx_word' id='word_1_511' title='bbox 1885 5438 1919 5491; x_wconf 74' lang='lat'><strong>28</strong></span> <span class='ocrx_word' id='word_1_512' title='bbox 1937 5454 2033 5507; x_wconf 83' lang='lat' dir='ltr'><strong>pavero</strong></span> <span class='ocrx_word' id='word_1_513' title='bbox 2052 5437 2081 5490; x_wconf 87' lang='lat' dir='ltr'><em>F</em></span> 
     </span>
     <span class='ocr_line' id='line_1_44' title="bbox 416 5559 2078 5631; baseline 0.002 -22"><span class='ocrx_word' id='word_1_514' title='bbox 416 5567 489 5610; x_wconf 79' lang='lat' dir='ltr'><strong>reatu</strong></span> <span class='ocrx_word' id='word_1_515' title='bbox 507 5560 605 5611; x_wconf 83' lang='lat' dir='ltr'><strong>utinam</strong></span> <span class='ocrx_word' id='word_1_516' title='bbox 623 5559 652 5612; x_wconf 87' lang='lat' dir='ltr'><em>F</em></span> <span class='ocrx_word' id='word_1_517' title='bbox 768 5560 803 5614; x_wconf 81' lang='lat'><strong>29</strong></span> <span class='ocrx_word' id='word_1_518' title='bbox 827 5580 1025 5631; x_wconf 76' lang='lat' dir='ltr'><strong>congressurum</strong></span> <span class='ocrx_word' id='word_1_519' title='bbox 1047 5564 1114 5630; x_wconf 76' lang='lat' dir='ltr'><strong>(rum</strong></span> <span class='ocrx_word' id='word_1_520' title='bbox 1131 5565 1186 5617; x_wconf 78' lang='lat' dir='ltr'><strong>iud.</strong></span> <span class='ocrx_word' id='word_1_521' title='bbox 1205 5565 1234 5616; x_wconf 86' lang='lat' dir='ltr'><em>F</em></span> <span class='ocrx_word' id='word_1_522' title='bbox 1241 5566 1260 5626; x_wconf 89' lang='lat'><strong>¹)</strong></span> <span class='ocrx_word' id='word_1_523' title='bbox 1280 5565 1309 5615; x_wconf 92' lang='lat' dir='ltr'><em>F</em></span> <span class='ocrx_word' id='word_1_524' title='bbox 1425 5561 1461 5616; x_wconf 87' lang='lat'><strong>30</strong></span> <span class='ocrx_word' id='word_1_525' title='bbox 1481 5582 1594 5617; x_wconf 87' lang='lat' dir='ltr'><strong>conexus</strong></span> <span class='ocrx_word' id='word_1_526' title='bbox 1614 5565 1650 5626; x_wconf 80' lang='lat'><strong>0,</strong></span> <span class='ocrx_word' id='word_1_527' title='bbox 1675 5564 1788 5614; x_wconf 69' lang='lat' dir='ltr'><strong>conexui</strong></span> <span class='ocrx_word' id='word_1_528' title='bbox 1806 5563 1834 5614; x_wconf 88' lang='lat' dir='ltr'><em>F</em></span> <span class='ocrx_word' id='word_1_529' title='bbox 1917 5563 2031 5629; x_wconf 87' lang='lat' dir='ltr'><strong>inposuit</strong></span> <span class='ocrx_word' id='word_1_530' title='bbox 2050 5560 2078 5611; x_wconf 95' lang='lat' dir='ltr'><em>F</em></span> 
     </span>
    </p>
   </div>
   <div class='ocr_carea' id='block_1_7' title="bbox 415 5639 827 5766">
    <p class='ocr_par' dir='ltr' id='par_1_12' title="bbox 415 5639 827 5766">
     <span class='ocr_line' id='line_1_45' title="bbox 415 5639 827 5766; baseline 0.007 -35"><span class='ocrx_word' id='word_1_531' title='bbox 415 5677 450 5731; x_wconf 72' lang='grc'><strong>32</strong></span> <span class='ocrx_word' id='word_1_532' title='bbox 467 5681 525 5747; x_wconf 85' lang='lat' dir='ltr'><strong>quis</strong></span> <span class='ocrx_word' id='word_1_533' title='bbox 545 5681 568 5730; x_wconf 79' lang='lat' dir='ltr'><em>C</em></span> <span class='ocrx_word' id='word_1_534' title='bbox 633 5639 763 5766; x_wconf 55' lang='lat' dir='ltr'><strong>debuisset</strong></span> <span class='ocrx_word' id='word_1_535' title='bbox 781 5683 815 5733; x_wconf 78' lang='lat' dir='ltr'><em>M</em></span> <span class='ocrx_word' id='word_1_536' title='bbox 820 5684 827 5715; x_wconf 90' lang='lat'><strong>¹</strong></span> 
     </span>
    </p>
   </div>
   <div class='ocr_carea' id='block_1_8' title="bbox 0 0 2322 6458">
    <p class='ocr_par' dir='ltr' id='par_1_13' title="bbox 0 0 2322 6458">
     <span class='ocr_line' id='line_1_46' title="bbox 0 0 2322 6458; baseline 0 2"><span class='ocrx_word' id='word_1_537' title='bbox 0 0 2322 6458; x_wconf 95' lang='lat' dir='ltr'><strong> </strong></span> 
     </span>
    </p>
   </div>
  </div>
 </body>
</html>
