<?xml version="1.0" encoding="UTF-8"?>
<!DOCTYPE html PUBLIC "-//W3C//DTD XHTML 1.0 Transitional//EN"
    "http://www.w3.org/TR/xhtml1/DTD/xhtml1-transitional.dtd">
<html xmlns="http://www.w3.org/1999/xhtml" xml:lang="en" lang="en">
 <head>
  <title>
</title>
<meta http-equiv="Content-Type" content="text/html;charset=utf-8" />
  <meta name='ocr-system' content='tesseract 3.04.00' />
  <meta name='ocr-capabilities' content='ocr_page ocr_carea ocr_par ocr_line ocrx_word'/>
</head>
<body>
  <div class='ocr_page' id='page_1' title='image "./monumentagerman03mittgoog_0078.png"; bbox 0 0 4732 6436; ppageno 0'>
   <div class='ocr_carea' id='block_1_1' title="bbox 987 329 1904 390">
    <p class='ocr_par' dir='ltr' id='par_1_1' title="bbox 987 329 1904 390">
     <span class='ocr_line' id='line_1_1' title="bbox 987 329 1904 390; baseline 0.008 -7"><span class='ocrx_word' id='word_1_1' title='bbox 987 329 1167 385; x_wconf 75' lang='lat' dir='ltr'><em>nauscam</em></span> <span class='ocrx_word' id='word_1_2' title='bbox 1818 341 1904 390; x_wconf 92' lang='lat' dir='ltr'>LXXI</span> 
     </span>
    </p>
   </div>
   <div class='ocr_carea' id='block_1_2' title="bbox 361 498 1966 619">
    <p class='ocr_par' dir='ltr' id='par_1_2' title="bbox 361 498 1966 619">
     <span class='ocr_line' id='line_1_2' title="bbox 361 498 1966 619; baseline 0.005 -56"><span class='ocrx_word' id='word_1_3' title='bbox 361 498 476 564; x_wconf 78' lang='lat' dir='ltr'><em>Codex</em></span> <span class='ocrx_word' id='word_1_4' title='bbox 498 499 713 565; x_wconf 82' lang='lat' dir='ltr'><strong>Parisinus</strong></span> <span class='ocrx_word' id='word_1_5' title='bbox 741 503 813 568; x_wconf 91' lang='lat' dir='ltr'><em>Lat.</em></span> <span class='ocrx_word' id='word_1_6' title='bbox 839 525 870 569; x_wconf 91' lang='lat' dir='ltr'><em>n.</em></span> <span class='ocrx_word' id='word_1_7' title='bbox 890 507 971 568; x_wconf 86' lang='grc'>1564</span> <span class='ocrx_word' id='word_1_8' title='bbox 996 502 1219 588; x_wconf 87' lang='lat' dir='ltr'><em>(Colbertinus</em></span> <span class='ocrx_word' id='word_1_9' title='bbox 1242 527 1273 570; x_wconf 93' lang='lat' dir='ltr'><em>n.</em></span> <span class='ocrx_word' id='word_1_10' title='bbox 1299 508 1392 586; x_wconf 89' lang='grc'>1863,</span> <span class='ocrx_word' id='word_1_11' title='bbox 1416 505 1541 591; x_wconf 89' lang='lat' dir='ltr'><em>Regius</em></span> <span class='ocrx_word' id='word_1_12' title='bbox 1565 528 1596 572; x_wconf 92' lang='lat' dir='ltr'><em>n.</em></span> <span class='ocrx_word' id='word_1_13' title='bbox 1617 509 1716 619; x_wconf 54' lang='lat' dir='ltr'><em>3{i82l)</em></span> <span class='ocrx_word' id='word_1_14' title='bbox 1741 531 1826 576; x_wconf 86' lang='lat' dir='ltr'><em>saec.</em></span> <span class='ocrx_word' id='word_1_15' title='bbox 1844 510 1903 590; x_wconf 89' lang='lat' dir='ltr'>IX,</span> <span class='ocrx_word' id='word_1_16' title='bbox 1931 501 1966 571; x_wconf 92' lang='lat' dir='ltr'><strong><em>P</em></strong></span> 
     </span>
    </p>
   </div>
   <div class='ocr_carea' id='block_1_3' title="bbox 242 633 1980 5720">
    <p class='ocr_par' dir='ltr' id='par_1_3' title="bbox 245 633 1904 809">
     <span class='ocr_line' id='line_1_3' title="bbox 245 633 1904 734; baseline 0.007 -34"><span class='ocrx_word' id='word_1_17' title='bbox 245 633 371 702; x_wconf 84' lang='lat' dir='ltr'><em>lormae</em></span> <span class='ocrx_word' id='word_1_18' title='bbox 402 638 580 719; x_wconf 87' lang='lat' dir='ltr'><em>maximae,</em></span> <span class='ocrx_word' id='word_1_19' title='bbox 613 645 695 704; x_wconf 90' lang='lat' dir='ltr'><em>teste</em></span> <span class='ocrx_word' id='word_1_20' title='bbox 728 639 893 705; x_wconf 82' lang='lat' dir='ltr'><em>Friderioo</em></span> <span class='ocrx_word' id='word_1_21' title='bbox 917 640 1089 724; x_wconf 90' lang='lat' dir='ltr'><em>Maassen,</em></span> <span class='ocrx_word' id='word_1_22' title='bbox 1123 641 1253 724; x_wconf 74' lang='lat' dir='ltr'><em>Qnellen</em></span> <span class='ocrx_word' id='word_1_23' title='bbox 1279 643 1333 707; x_wconf 87' lang='lat' dir='ltr'><em>des</em></span> <span class='ocrx_word' id='word_1_24' title='bbox 1354 643 1564 708; x_wconf 78' lang='lat' dir='ltr'><em>canonisclien</em></span> <span class='ocrx_word' id='word_1_25' title='bbox 1587 645 1704 710; x_wconf 76' lang='lat' dir='ltr'><em>Rudis</em></span> <span class='ocrx_word' id='word_1_26' title='bbox 1726 647 1753 728; x_wconf 85' lang='lat' dir='ltr'><em>I,</em></span> <span class='ocrx_word' id='word_1_27' title='bbox 1776 667 1808 734; x_wconf 83' lang='lat' dir='ltr'><em>p.</em></span> <span class='ocrx_word' id='word_1_28' title='bbox 1830 651 1904 728; x_wconf 84' lang='grc'>608,</span> 
     </span>
     <span class='ocr_line' id='line_1_4' title="bbox 249 741 758 809; baseline 0.008 -4"><span class='ocrx_word' id='word_1_29' title='bbox 249 741 335 806; x_wconf 90' lang='lat' dir='ltr'><em>inter</em></span> <span class='ocrx_word' id='word_1_30' title='bbox 358 749 469 807; x_wconf 87' lang='lat' dir='ltr'><em>cetera</em></span> <span class='ocrx_word' id='word_1_31' title='bbox 492 743 574 808; x_wconf 89' lang='lat' dir='ltr'><em>haec</em></span> <span class='ocrx_word' id='word_1_32' title='bbox 599 745 758 809; x_wconf 87' lang='lat' dir='ltr'><em>continet:</em></span> 
     </span>
    </p>

    <p class='ocr_par' dir='ltr' id='par_1_4' title="bbox 244 845 1906 1041">
     <span class='ocr_line' id='line_1_5' title="bbox 356 845 1906 935; baseline 0.008 -26"><span class='ocrx_word' id='word_1_33' title='bbox 356 845 460 910; x_wconf 89' lang='lat' dir='ltr'>LXX.</span> <span class='ocrx_word' id='word_1_34' title='bbox 496 846 617 927; x_wconf 73' lang='lat' dir='ltr'><em>Incipit</em></span> <span class='ocrx_word' id='word_1_35' title='bbox 648 848 780 928; x_wconf 84' lang='lat' dir='ltr'><em>epistola</em></span> <span class='ocrx_word' id='word_1_36' title='bbox 810 849 946 915; x_wconf 75' lang='lat' dir='ltr'><em>Paulini</em></span> <span class='ocrx_word' id='word_1_37' title='bbox 975 851 1020 915; x_wconf 85' lang='lat' dir='ltr'><em>ad</em></span> <span class='ocrx_word' id='word_1_38' title='bbox 1047 851 1217 915; x_wconf 89' lang='lat' dir='ltr'><em>Faustum.</em></span> <span class='ocrx_word' id='word_1_39' title='bbox 1275 850 1414 917; x_wconf 89' lang='lat' dir='ltr'><em>Domino</em></span> <span class='ocrx_word' id='word_1_40' title='bbox 1446 854 1536 933; x_wconf 87' lang='lat' dir='ltr'><em>patri</em></span> <span class='ocrx_word' id='word_1_41' title='bbox 1563 859 1594 917; x_wconf 91' lang='lat' dir='ltr'><em>et</em></span> <span class='ocrx_word' id='word_1_42' title='bbox 1614 860 1753 935; x_wconf 88' lang='lat' dir='ltr'><em>patrono</em></span> <span class='ocrx_word' id='word_1_43' title='bbox 1781 855 1906 922; x_wconf 90' lang='lat' dir='ltr'><em>Fausto</em></span> 
     </span>
     <span class='ocr_line' id='line_1_6' title="bbox 244 948 1549 1041; baseline 0.005 -27"><span class='ocrx_word' id='word_1_44' title='bbox 244 970 352 1030; x_wconf 86' lang='lat' dir='ltr'><em>papae</em></span> <span class='ocrx_word' id='word_1_45' title='bbox 374 948 546 1014; x_wconf 80' lang='lat' dir='ltr'><em>Paulinus.</em></span> <span class='ocrx_word' id='word_1_46' title='bbox 592 950 732 1018; x_wconf 71' lang='lat' dir='ltr'><em>Sumere</em></span> <span class='ocrx_word' id='word_1_47' title='bbox 753 954 839 1018; x_wconf 83' lang='lat' dir='ltr'><em>cobis</em></span> <span class='ocrx_word' id='word_1_48' title='bbox 860 955 935 1019; x_wconf 83' lang='lat' dir='ltr'><em>linc</em></span> <span class='ocrx_word' id='word_1_49' title='bbox 956 955 1070 1019; x_wconf 88' lang='lat' dir='ltr'><em>retinet</em></span> <span class='ocrx_word' id='word_1_50' title='bbox 1091 959 1193 1018; x_wconf 89' lang='lat' dir='ltr'><em>metus</em></span> <span class='ocrx_word' id='word_1_51' title='bbox 1216 954 1299 1039; x_wconf 69' lang='grc' dir='ltr'>(ΕΑ.</span> <span class='ocrx_word' id='word_1_52' title='bbox 1322 955 1428 1041; x_wconf 86' lang='lat' dir='ltr'>XIV).</span> <span class='ocrx_word' id='word_1_53' title='bbox 1547 1037 1549 1040; x_wconf 16' lang='grc' dir='ltr'>Ι</span> 
     </span>
    </p>

    <p class='ocr_par' dir='ltr' id='par_1_5' title="bbox 247 1043 1907 1245">
     <span class='ocr_line' id='line_1_7' title="bbox 355 1043 1907 1136; baseline 0.005 -18"><span class='ocrx_word' id='word_1_54' title='bbox 355 1052 476 1118; x_wconf 86' lang='lat' dir='ltr'>LXXI.</span> <span class='ocrx_word' id='word_1_55' title='bbox 510 1054 631 1135; x_wconf 78' lang='lat' dir='ltr'><em>Incipit</em></span> <span class='ocrx_word' id='word_1_56' title='bbox 660 1057 790 1136; x_wconf 89' lang='lat' dir='ltr'><em>epistola</em></span> <span class='ocrx_word' id='word_1_57' title='bbox 813 1059 918 1122; x_wconf 88' lang='lat' dir='ltr'><em>sancti</em></span> <span class='ocrx_word' id='word_1_58' title='bbox 940 1058 1060 1122; x_wconf 87' lang='lat' dir='ltr'><em>Fausti</em></span> <span class='ocrx_word' id='word_1_59' title='bbox 1081 1058 1126 1122; x_wconf 92' lang='lat' dir='ltr'><em>ad</em></span> <span class='ocrx_word' id='word_1_60' title='bbox 1147 1058 1342 1123; x_wconf 72' lang='lat' dir='ltr'><em>benedictum</em></span> <span class='ocrx_word' id='word_1_61' title='bbox 1364 1043 1550 1126; x_wconf 81' lang='lat' dir='ltr'><em>Paulinum.</em></span> <span class='ocrx_word' id='word_1_62' title='bbox 1602 1061 1806 1126; x_wconf 71' lang='lat' dir='ltr'><em>Admiranda</em></span> <span class='ocrx_word' id='word_1_63' title='bbox 1827 1062 1907 1126; x_wconf 83' lang='lat' dir='ltr'><em>milri</em></span> 
     </span>
     <span class='ocr_line' id='line_1_8' title="bbox 247 1157 585 1245; baseline 0 -22"><span class='ocrx_word' id='word_1_64' title='bbox 247 1181 367 1240; x_wconf 86' lang='lat' dir='ltr'><em>semper</em></span> <span class='ocrx_word' id='word_1_65' title='bbox 389 1157 473 1242; x_wconf 73' lang='grc' dir='ltr'>(ΡΑ.</span> <span class='ocrx_word' id='word_1_66' title='bbox 497 1159 585 1245; x_wconf 91' lang='lat' dir='ltr'>XV).</span> 
     </span>
    </p>

    <p class='ocr_par' dir='ltr' id='par_1_6' title="bbox 246 1262 1905 1457">
     <span class='ocr_line' id='line_1_9' title="bbox 355 1262 1905 1348; baseline 0.005 -22"><span class='ocrx_word' id='word_1_67' title='bbox 355 1262 497 1327; x_wconf 87' lang='lat' dir='ltr'>LXXII.</span> <span class='ocrx_word' id='word_1_68' title='bbox 531 1262 668 1329; x_wconf 88' lang='lat' dir='ltr'><em>Domino</em></span> <span class='ocrx_word' id='word_1_69' title='bbox 684 1265 833 1346; x_wconf 89' lang='lat' dir='ltr'><em>piissimo</em></span> <span class='ocrx_word' id='word_1_70' title='bbox 855 1271 884 1330; x_wconf 91' lang='lat' dir='ltr'><em>et</em></span> <span class='ocrx_word' id='word_1_71' title='bbox 906 1265 1095 1347; x_wconf 79' lang='lat' dir='ltr'><em>specialibus</em></span> <span class='ocrx_word' id='word_1_72' title='bbox 1116 1266 1234 1347; x_wconf 73' lang='lat' dir='ltr'><em>officiis</em></span> <span class='ocrx_word' id='word_1_73' title='bbox 1260 1266 1438 1346; x_wconf 69' lang='lat' dir='ltr'><em>encoundo,</em></span> <span class='ocrx_word' id='word_1_74' title='bbox 1468 1273 1505 1332; x_wconf 90' lang='lat' dir='ltr'><em>ut</em></span> <span class='ocrx_word' id='word_1_75' title='bbox 1526 1268 1663 1348; x_wconf 76' lang='lat' dir='ltr'><em>cmfido,</em></span> <span class='ocrx_word' id='word_1_76' title='bbox 1687 1270 1722 1333; x_wconf 92' lang='lat' dir='ltr'><em>in</em></span> <span class='ocrx_word' id='word_1_77' title='bbox 1743 1275 1905 1334; x_wconf 72' lang='lat' dir='ltr'><em>asianum</em></span> 
     </span>
     <span class='ocr_line' id='line_1_10' title="bbox 246 1366 1637 1457; baseline 0.004 -28"><span class='ocrx_word' id='word_1_78' title='bbox 246 1366 350 1448; x_wconf 85' lang='lat' dir='ltr'><em>fratre</em></span> <span class='ocrx_word' id='word_1_79' title='bbox 371 1373 401 1430; x_wconf 91' lang='lat' dir='ltr'><em>et</em></span> <span class='ocrx_word' id='word_1_80' title='bbox 419 1387 478 1447; x_wconf 89' lang='lat' dir='ltr'><em>per</em></span> <span class='ocrx_word' id='word_1_81' title='bbox 500 1369 607 1432; x_wconf 85' lang='lat' dir='ltr'><em>munia</em></span> <span class='ocrx_word' id='word_1_82' title='bbox 629 1369 741 1434; x_wconf 70' lang='lat' dir='ltr'><em>domm</em></span> <span class='ocrx_word' id='word_1_83' title='bbox 763 1370 866 1434; x_wconf 82' lang='lat' dir='ltr'><em>Felici</em></span> <span class='ocrx_word' id='word_1_84' title='bbox 888 1371 1042 1435; x_wconf 76' lang='lat' dir='ltr'><em>Faustus.</em></span> <span class='ocrx_word' id='word_1_85' title='bbox 1089 1371 1248 1452; x_wconf 81' lang='lat' dir='ltr'><em>Mapnum</em></span> <span class='ocrx_word' id='word_1_86' title='bbox 1263 1372 1399 1452; x_wconf 86' lang='lat' dir='ltr'><em>pietatis</em></span> <span class='ocrx_word' id='word_1_87' title='bbox 1421 1371 1505 1457; x_wconf 77' lang='lat' dir='ltr'><em>(uA.</em></span> <span class='ocrx_word' id='word_1_88' title='bbox 1528 1371 1637 1456; x_wconf 90' lang='lat' dir='ltr'>XVI).</span> 
     </span>
    </p>

    <p class='ocr_par' dir='ltr' id='par_1_7' title="bbox 250 1469 1904 1662">
     <span class='ocr_line' id='line_1_11' title="bbox 355 1469 1904 1556; baseline 0.003 -22"><span class='ocrx_word' id='word_1_89' title='bbox 355 1469 515 1536; x_wconf 91' lang='lat' dir='ltr'>LXXIII.</span> <span class='ocrx_word' id='word_1_90' title='bbox 550 1470 688 1538; x_wconf 90' lang='lat' dir='ltr'><em>Domino</em></span> <span class='ocrx_word' id='word_1_91' title='bbox 715 1478 824 1538; x_wconf 89' lang='lat' dir='ltr'><em>sancto</em></span> <span class='ocrx_word' id='word_1_92' title='bbox 846 1480 876 1538; x_wconf 89' lang='lat' dir='ltr'><em>et</em></span> <span class='ocrx_word' id='word_1_93' title='bbox 897 1476 934 1538; x_wconf 89' lang='lat' dir='ltr'><em>in</em></span> <span class='ocrx_word' id='word_1_94' title='bbox 959 1472 1088 1540; x_wconf 82' lang='lat' dir='ltr'><em>Olrristo</em></span> <span class='ocrx_word' id='word_1_95' title='bbox 1116 1475 1346 1540; x_wconf 76' lang='lat' dir='ltr'><em>devinctissimo</em></span> <span class='ocrx_word' id='word_1_96' title='bbox 1372 1475 1476 1556; x_wconf 79' lang='lat' dir='ltr'><em>fratre</em></span> <span class='ocrx_word' id='word_1_97' title='bbox 1500 1475 1602 1556; x_wconf 81' lang='lat' dir='ltr'><em>Grepo</em></span> <span class='ocrx_word' id='word_1_98' title='bbox 1631 1475 1728 1541; x_wconf 74' lang='lat' dir='ltr'><em>auca</em></span> <span class='ocrx_word' id='word_1_99' title='bbox 1749 1475 1904 1540; x_wconf 84' lang='lat' dir='ltr'><em>Faustus.</em></span> 
     </span>
     <span class='ocr_line' id='line_1_12' title="bbox 250 1573 900 1662; baseline 0.009 -26"><span class='ocrx_word' id='word_1_100' title='bbox 250 1573 438 1638; x_wconf 83' lang='lat' dir='ltr'><em>Honoratus</em></span> <span class='ocrx_word' id='word_1_101' title='bbox 460 1573 566 1654; x_wconf 76' lang='lat' dir='ltr'><em>officio</em></span> <span class='ocrx_word' id='word_1_102' title='bbox 589 1581 643 1640; x_wconf 88' lang='lat' dir='ltr'><em>tuo</em></span> <span class='ocrx_word' id='word_1_103' title='bbox 666 1576 750 1662; x_wconf 77' lang='lat' dir='ltr'><em>(uA.</em></span> <span class='ocrx_word' id='word_1_104' title='bbox 774 1577 900 1662; x_wconf 91' lang='lat' dir='ltr'>XVII).</span> 
     </span>
    </p>

    <p class='ocr_par' dir='ltr' id='par_1_8' title="bbox 357 1676 1589 1772">
     <span class='ocr_line' id='line_1_13' title="bbox 357 1676 1589 1772; baseline 0.008 -32"><span class='ocrx_word' id='word_1_105' title='bbox 357 1676 429 1741; x_wconf 90' lang='lat' dir='ltr'><em>Has</em></span> <span class='ocrx_word' id='word_1_106' title='bbox 453 1678 610 1763; x_wconf 85' lang='lat' dir='ltr'><em>epistulas</em></span> <span class='ocrx_word' id='word_1_107' title='bbox 633 1680 673 1744; x_wconf 82' lang='lat' dir='ltr'><em>A.</em></span> <span class='ocrx_word' id='word_1_108' title='bbox 700 1679 849 1746; x_wconf 83' lang='lat' dir='ltr'><em>Schoene</em></span> <span class='ocrx_word' id='word_1_109' title='bbox 874 1704 902 1746; x_wconf 83' lang='lat' dir='ltr'><em>v.</em></span> <span class='ocrx_word' id='word_1_110' title='bbox 926 1703 954 1749; x_wconf 91' lang='lat' dir='ltr'><em>c.</em></span> <span class='ocrx_word' id='word_1_111' title='bbox 979 1682 1126 1748; x_wconf 89' lang='lat' dir='ltr'><em>contulit.</em></span> <span class='ocrx_word' id='word_1_112' title='bbox 1587 1767 1589 1772; x_wconf 22' lang='grc' dir='ltr'>Ι</span> 
     </span>
    </p>

    <p class='ocr_par' dir='ltr' id='par_1_9' title="bbox 242 1779 1975 3948">
     <span class='ocr_line' id='line_1_14' title="bbox 356 1779 1975 1873; baseline 0.003 -28"><span class='ocrx_word' id='word_1_113' title='bbox 356 1780 439 1846; x_wconf 78' lang='lat' dir='ltr'><em>(ium</em></span> <span class='ocrx_word' id='word_1_114' title='bbox 471 1784 603 1848; x_wconf 89' lang='lat' dir='ltr'><em>saeculo</em></span> <span class='ocrx_word' id='word_1_115' title='bbox 633 1784 683 1849; x_wconf 91' lang='lat' dir='ltr'><em>IX</em></span> <span class='ocrx_word' id='word_1_116' title='bbox 705 1785 791 1852; x_wconf 89' lang='lat' dir='ltr'><em>med.</em></span> <span class='ocrx_word' id='word_1_117' title='bbox 814 1785 1023 1852; x_wconf 83' lang='lat' dir='ltr'><em>Gothescalci</em></span> <span class='ocrx_word' id='word_1_118' title='bbox 1052 1786 1343 1873; x_wconf 89' lang='lat' dir='ltr'><em>praedestinatiani</em></span> <span class='ocrx_word' id='word_1_119' title='bbox 1368 1806 1468 1850; x_wconf 87' lang='lat' dir='ltr'><em>causa</em></span> <span class='ocrx_word' id='word_1_120' title='bbox 1489 1790 1699 1866; x_wconf 79' lang='lat' dir='ltr'><em>tractaretur,</em></span> <span class='ocrx_word' id='word_1_121' title='bbox 1731 1787 1903 1850; x_wconf 83' lang='lat' dir='ltr'><em>refutaturi</em></span> <span class='ocrx_word' id='word_1_122' title='bbox 1931 1779 1975 1850; x_wconf 87' lang='grc' dir='ltr'><em>Η</em></span> 
     </span>
     <span class='ocr_line' id='line_1_15' title="bbox 249 1885 1907 1971; baseline 0.003 -22"><span class='ocrx_word' id='word_1_123' title='bbox 249 1907 323 1949; x_wconf 91' lang='lat' dir='ltr'><em>eum</em></span> <span class='ocrx_word' id='word_1_124' title='bbox 347 1885 388 1950; x_wconf 92' lang='lat' dir='ltr'><em>ad</em></span> <span class='ocrx_word' id='word_1_125' title='bbox 411 1886 527 1951; x_wconf 90' lang='lat' dir='ltr'><em>Lucidi</em></span> <span class='ocrx_word' id='word_1_126' title='bbox 551 1886 736 1953; x_wconf 83' lang='lat' dir='ltr'><em>decessoris</em></span> <span class='ocrx_word' id='word_1_127' title='bbox 753 1890 824 1954; x_wconf 87' lang='lat' dir='ltr'><em>eius</em></span> <span class='ocrx_word' id='word_1_128' title='bbox 841 1890 1011 1955; x_wconf 86' lang='lat' dir='ltr'><em>historiam</em></span> <span class='ocrx_word' id='word_1_129' title='bbox 1028 1896 1244 1955; x_wconf 86' lang='lat' dir='ltr'><em>recurrerunt.</em></span> <span class='ocrx_word' id='word_1_130' title='bbox 1290 1889 1330 1956; x_wconf 86' lang='lat' dir='ltr'><em>Ut</em></span> <span class='ocrx_word' id='word_1_131' title='bbox 1345 1888 1550 1969; x_wconf 79' lang='lat' dir='ltr'><em>manifestum</em></span> <span class='ocrx_word' id='word_1_132' title='bbox 1564 1889 1633 1968; x_wconf 79' lang='lat' dir='ltr'><em>fiat,</em></span> <span class='ocrx_word' id='word_1_133' title='bbox 1656 1890 1735 1970; x_wconf 80' lang='lat' dir='ltr'><em>qnia</em></span> <span class='ocrx_word' id='word_1_134' title='bbox 1749 1890 1907 1971; x_wconf 80' lang='lat' dir='ltr'><em>quaedam</em></span> 
     </span>
     <span class='ocr_line' id='line_1_16' title="bbox 248 1989 1905 2078; baseline 0.004 -26"><span class='ocrx_word' id='word_1_135' title='bbox 248 1990 304 2053; x_wconf 90' lang='lat' dir='ltr'><em>isti</em></span> <span class='ocrx_word' id='word_1_136' title='bbox 330 1989 472 2054; x_wconf 81' lang='lat' dir='ltr'><em>moderni</em></span> <span class='ocrx_word' id='word_1_137' title='bbox 493 1991 787 2071; x_wconf 84' lang='lat' dir='ltr'><em>praedestinatiani</em></span> <span class='ocrx_word' id='word_1_138' title='bbox 813 1995 938 2071; x_wconf 89' lang='lat' dir='ltr'><em>dicunt,</em></span> <span class='ocrx_word' id='word_1_139' title='bbox 974 2015 1057 2076; x_wconf 82' lang='lat' dir='ltr'><em>quae</em></span> <span class='ocrx_word' id='word_1_140' title='bbox 1084 1999 1113 2059; x_wconf 89' lang='lat' dir='ltr'><em>et</em></span> <span class='ocrx_word' id='word_1_141' title='bbox 1141 1999 1255 2058; x_wconf 82' lang='lat' dir='ltr'><em>ceteras</em></span> <span class='ocrx_word' id='word_1_142' title='bbox 1282 1993 1432 2058; x_wconf 74' lang='lat' dir='ltr'><em>lunatici</em></span> <span class='ocrx_word' id='word_1_143' title='bbox 1461 1996 1535 2056; x_wconf 89' lang='lat' dir='ltr'><em>ante</em></span> <span class='ocrx_word' id='word_1_144' title='bbox 1563 1993 1728 2070; x_wconf 82' lang='lat' dir='ltr'><em>dicerunt,</em></span> <span class='ocrx_word' id='word_1_145' title='bbox 1757 1994 1905 2078; x_wconf 89' lang='lat' dir='ltr'><em>integras</em></span> 
     </span>
     <span class='ocr_line' id='line_1_17' title="bbox 248 2094 1903 2183; baseline 0.002 -26"><span class='ocrx_word' id='word_1_146' title='bbox 248 2094 363 2158; x_wconf 86' lang='lat' dir='ltr'><em>Fausti</em></span> <span class='ocrx_word' id='word_1_147' title='bbox 390 2094 570 2180; x_wconf 88' lang='lat' dir='ltr'><em>Lucidique</em></span> <span class='ocrx_word' id='word_1_148' title='bbox 600 2096 760 2181; x_wconf 90' lang='lat' dir='ltr'><em>epistulas</em></span> <span class='ocrx_word' id='word_1_149' title='bbox 791 2095 860 2162; x_wconf 69' lang='grc' dir='ltr'><em>ΡΑ.</em></span> <span class='ocrx_word' id='word_1_150' title='bbox 884 2097 1012 2162; x_wconf 87' lang='lat' dir='ltr'>XVIII.</span> <span class='ocrx_word' id='word_1_151' title='bbox 1036 2097 1119 2162; x_wconf 93' lang='lat' dir='ltr'><em>XIX</em></span> <span class='ocrx_word' id='word_1_152' title='bbox 1151 2097 1264 2162; x_wconf 88' lang='lat' dir='ltr'><em>codiee</em></span> <span class='ocrx_word' id='word_1_153' title='bbox 1294 2097 1416 2183; x_wconf 89' lang='lat' dir='ltr'><em>optimo</em></span> <span class='ocrx_word' id='word_1_154' title='bbox 1447 2116 1528 2160; x_wconf 91' lang='lat' dir='ltr'><em>usus</em></span> <span class='ocrx_word' id='word_1_155' title='bbox 1556 2094 1753 2160; x_wconf 86' lang='lat' dir='ltr'><em>Hincmarus</em></span> <span class='ocrx_word' id='word_1_156' title='bbox 1783 2096 1903 2162; x_wconf 82' lang='lat' dir='ltr'><em>disser-</em></span> 
     </span>
     <span class='ocr_line' id='line_1_18' title="bbox 249 2196 1906 2286; baseline 0.004 -26"><span class='ocrx_word' id='word_1_157' title='bbox 249 2196 366 2261; x_wconf 91' lang='lat' dir='ltr'><em>tationi</em></span> <span class='ocrx_word' id='word_1_158' title='bbox 388 2199 560 2283; x_wconf 86' lang='lat' dir='ltr'><em>posteriori</em></span> <span class='ocrx_word' id='word_1_159' title='bbox 585 2198 625 2263; x_wconf 91' lang='lat' dir='ltr'><em>de</em></span> <span class='ocrx_word' id='word_1_160' title='bbox 649 2199 952 2286; x_wconf 87' lang='lat' dir='ltr'><em>praedestinatione</em></span> <span class='ocrx_word' id='word_1_161' title='bbox 983 2201 1035 2266; x_wconf 92' lang='lat' dir='ltr'><em>dei</em></span> <span class='ocrx_word' id='word_1_162' title='bbox 1060 2208 1094 2266; x_wconf 88' lang='lat' dir='ltr'><em>et</em></span> <span class='ocrx_word' id='word_1_163' title='bbox 1116 2201 1220 2266; x_wconf 90' lang='lat' dir='ltr'><em>libero</em></span> <span class='ocrx_word' id='word_1_164' title='bbox 1244 2201 1379 2265; x_wconf 89' lang='lat' dir='ltr'><em>arbitrio</em></span> <span class='ocrx_word' id='word_1_165' title='bbox 1410 2199 1568 2264; x_wconf 85' lang='lat' dir='ltr'><em>adversus</em></span> <span class='ocrx_word' id='word_1_166' title='bbox 1592 2198 1848 2266; x_wconf 83' lang='lat' dir='ltr'><em>Gothesealcum</em></span> <span class='ocrx_word' id='word_1_167' title='bbox 1872 2208 1906 2266; x_wconf 89' lang='lat' dir='ltr'><em>et</em></span> 
     </span>
     <span class='ocr_line' id='line_1_19' title="bbox 248 2301 1904 2391; baseline 0.001 -25"><span class='ocrx_word' id='word_1_168' title='bbox 248 2308 374 2366; x_wconf 87' lang='lat' dir='ltr'><em>ceteros</em></span> <span class='ocrx_word' id='word_1_169' title='bbox 401 2301 717 2387; x_wconf 85' lang='lat' dir='ltr'><em>praedestinatianos</em></span> <span class='ocrx_word' id='word_1_170' title='bbox 742 2303 882 2390; x_wconf 88' lang='lat' dir='ltr'><em>(Migne,</em></span> <span class='ocrx_word' id='word_1_171' title='bbox 907 2305 1029 2370; x_wconf 90' lang='lat' dir='ltr'><em>Patrcl.</em></span> <span class='ocrx_word' id='word_1_172' title='bbox 1053 2305 1127 2369; x_wconf 86' lang='lat' dir='ltr'><em>Lat.</em></span> <span class='ocrx_word' id='word_1_173' title='bbox 1153 2304 1289 2383; x_wconf 85' lang='lat' dir='ltr'>OXXV,</span> <span class='ocrx_word' id='word_1_174' title='bbox 1313 2326 1344 2391; x_wconf 93' lang='lat' dir='ltr'><em>p.</em></span> <span class='ocrx_word' id='word_1_175' title='bbox 1368 2304 1422 2388; x_wconf 80' lang='lat'><em>79)</em></span> <span class='ocrx_word' id='word_1_176' title='bbox 1454 2303 1604 2384; x_wconf 88' lang='lat' dir='ltr'><em>inseruit,</em></span> <span class='ocrx_word' id='word_1_177' title='bbox 1628 2304 1817 2390; x_wconf 88' lang='lat' dir='ltr'><em>praemissis</em></span> <span class='ocrx_word' id='word_1_178' title='bbox 1840 2304 1904 2368; x_wconf 93' lang='lat' dir='ltr'><em>his:</em></span> 
     </span>
     <span class='ocr_line' id='line_1_20' title="bbox 249 2403 1905 2493; baseline 0.004 -25"><span class='ocrx_word' id='word_1_179' title='bbox 249 2403 304 2469; x_wconf 76' lang='lat' dir='ltr'><em>Ad</em></span> <span class='ocrx_word' id='word_1_180' title='bbox 325 2405 418 2469; x_wconf 90' lang='lat' dir='ltr'><em>cuius</em></span> <span class='ocrx_word' id='word_1_181' title='bbox 441 2406 525 2490; x_wconf 78' lang='lat' dir='ltr'><em>(scil.</em></span> <span class='ocrx_word' id='word_1_182' title='bbox 550 2406 728 2472; x_wconf 83' lang='lat' dir='ltr'><em>Caelestini</em></span> <span class='ocrx_word' id='word_1_183' title='bbox 754 2409 872 2493; x_wconf 84' lang='lat' dir='ltr'><em>papae)</em></span> <span class='ocrx_word' id='word_1_184' title='bbox 895 2408 1067 2473; x_wconf 86' lang='lat' dir='ltr'><em>iussionem</em></span> <span class='ocrx_word' id='word_1_185' title='bbox 1083 2408 1245 2490; x_wconf 89' lang='lat' dir='ltr'><em>praedioli</em></span> <span class='ocrx_word' id='word_1_186' title='bbox 1270 2406 1454 2472; x_wconf 81' lang='lat' dir='ltr'><em>Galliarum</em></span> <span class='ocrx_word' id='word_1_187' title='bbox 1469 2407 1606 2488; x_wconf 73' lang='lat' dir='ltr'><em>episcopi</em></span> <span class='ocrx_word' id='word_1_188' title='bbox 1620 2408 1774 2490; x_wconf 77' lang='lat' dir='ltr'><em>synodum</em></span> <span class='ocrx_word' id='word_1_189' title='bbox 1790 2409 1905 2474; x_wconf 77' lang='lat' dir='ltr'><em>naun-</em></span> 
     </span>
     <span class='ocr_line' id='line_1_21' title="bbox 247 2509 1906 2595; baseline 0.003 -22"><span class='ocrx_word' id='word_1_190' title='bbox 247 2514 326 2573; x_wconf 88' lang='lat' dir='ltr'><em>rnnt</em></span> <span class='ocrx_word' id='word_1_191' title='bbox 353 2513 382 2572; x_wconf 92' lang='lat' dir='ltr'><em>ct</em></span> <span class='ocrx_word' id='word_1_192' title='bbox 404 2509 587 2584; x_wconf 73' lang='lat' dir='ltr'><em>huiusmodi</em></span> <span class='ocrx_word' id='word_1_193' title='bbox 602 2532 704 2591; x_wconf 85' lang='lat' dir='ltr'><em>praue</em></span> <span class='ocrx_word' id='word_1_194' title='bbox 725 2513 893 2576; x_wconf 88' lang='lat' dir='ltr'><em>sentientes</em></span> <span class='ocrx_word' id='word_1_195' title='bbox 914 2519 973 2576; x_wconf 90' lang='lat' dir='ltr'><em>ant</em></span> <span class='ocrx_word' id='word_1_196' title='bbox 1004 2514 1220 2594; x_wconf 65' lang='lat' dir='ltr'><em>resmiscentes</em></span> <span class='ocrx_word' id='word_1_197' title='bbox 1234 2513 1357 2593; x_wconf 88' lang='lat' dir='ltr'><em>pietate</em></span> <span class='ocrx_word' id='word_1_198' title='bbox 1384 2511 1596 2576; x_wconf 87' lang='lat' dir='ltr'><em>ecelesiastica</em></span> <span class='ocrx_word' id='word_1_199' title='bbox 1615 2512 1805 2595; x_wconf 76' lang='lat' dir='ltr'><em>reputaritcr</em></span> <span class='ocrx_word' id='word_1_200' title='bbox 1826 2536 1906 2578; x_wconf 89' lang='lat' dir='ltr'><em>rece-</em></span> 
     </span>
     <span class='ocr_line' id='line_1_22' title="bbox 242 2613 1907 2697; baseline 0.004 -22"><span class='ocrx_word' id='word_1_201' title='bbox 242 2617 363 2693; x_wconf 85' lang='lat' dir='ltr'><em>perunt</em></span> <span class='ocrx_word' id='word_1_202' title='bbox 384 2617 443 2676; x_wconf 91' lang='lat' dir='ltr'><em>aut</em></span> <span class='ocrx_word' id='word_1_203' title='bbox 466 2613 502 2676; x_wconf 92' lang='lat' dir='ltr'><em>in</em></span> <span class='ocrx_word' id='word_1_204' title='bbox 527 2635 589 2678; x_wconf 77' lang='lat' dir='ltr'><em>snm</em></span> <span class='ocrx_word' id='word_1_205' title='bbox 614 2615 759 2679; x_wconf 87' lang='lat' dir='ltr'><em>vecordia</em></span> <span class='ocrx_word' id='word_1_206' title='bbox 785 2622 815 2679; x_wconf 89' lang='lat' dir='ltr'><em>et</em></span> <span class='ocrx_word' id='word_1_207' title='bbox 837 2617 950 2696; x_wconf 84' lang='lat' dir='ltr'><em>pranis</em></span> <span class='ocrx_word' id='word_1_208' title='bbox 978 2616 1121 2680; x_wconf 69' lang='lat' dir='ltr'><em>annulus</em></span> <span class='ocrx_word' id='word_1_209' title='bbox 1142 2616 1348 2696; x_wconf 82' lang='lat' dir='ltr'><em>persistentes</em></span> <span class='ocrx_word' id='word_1_210' title='bbox 1375 2615 1546 2696; x_wconf 71' lang='lat' dir='ltr'><em>episcmali</em></span> <span class='ocrx_word' id='word_1_211' title='bbox 1577 2621 1672 2697; x_wconf 81' lang='lat' dir='ltr'><em>atque</em></span> <span class='ocrx_word' id='word_1_212' title='bbox 1701 2616 1857 2682; x_wconf 82' lang='lat' dir='ltr'><em>catlsolica</em></span> <span class='ocrx_word' id='word_1_213' title='bbox 1878 2621 1907 2681; x_wconf 88' lang='lat' dir='ltr'><em>et</em></span> 
     </span>
     <span class='ocr_line' id='line_1_23' title="bbox 248 2715 1908 2802; baseline 0.002 -22"><span class='ocrx_word' id='word_1_214' title='bbox 248 2715 421 2798; x_wconf 86' lang='lat' dir='ltr'><em>apostolica</em></span> <span class='ocrx_word' id='word_1_215' title='bbox 443 2719 632 2783; x_wconf 89' lang='lat' dir='ltr'><em>auctoritate</em></span> <span class='ocrx_word' id='word_1_216' title='bbox 659 2741 681 2784; x_wconf 96' lang='lat' dir='ltr'><em>a</em></span> <span class='ocrx_word' id='word_1_217' title='bbox 710 2721 866 2784; x_wconf 78' lang='lat' dir='ltr'><em>cmnortio</em></span> <span class='ocrx_word' id='word_1_218' title='bbox 893 2719 1035 2800; x_wconf 70' lang='lat' dir='ltr'><em>fidelium</em></span> <span class='ocrx_word' id='word_1_219' title='bbox 1063 2724 1315 2802; x_wconf 69' lang='lat' dir='ltr'><em>segregaverunt,</em></span> <span class='ocrx_word' id='word_1_220' title='bbox 1344 2720 1428 2783; x_wconf 87' lang='lat' dir='ltr'><em>sient</em></span> <span class='ocrx_word' id='word_1_221' title='bbox 1455 2718 1592 2800; x_wconf 89' lang='lat' dir='ltr'><em>epistula</em></span> <span class='ocrx_word' id='word_1_222' title='bbox 1620 2719 1765 2784; x_wconf 86' lang='lat' dir='ltr'><em>amicalis</em></span> <span class='ocrx_word' id='word_1_223' title='bbox 1787 2720 1908 2784; x_wconf 88' lang='lat' dir='ltr'><em>Fausti</em></span> 
     </span>
     <span class='ocr_line' id='line_1_24' title="bbox 247 2821 1907 2907; baseline 0.002 -23"><span class='ocrx_word' id='word_1_224' title='bbox 247 2821 292 2885; x_wconf 86' lang='lat' dir='ltr'><em>ad</em></span> <span class='ocrx_word' id='word_1_225' title='bbox 314 2822 473 2887; x_wconf 85' lang='lat' dir='ltr'><em>Lucidum</em></span> <span class='ocrx_word' id='word_1_226' title='bbox 492 2824 707 2907; x_wconf 78' lang='lat' dir='ltr'><em>presbyterum</em></span> <span class='ocrx_word' id='word_1_227' title='bbox 729 2829 759 2888; x_wconf 88' lang='lat' dir='ltr'><em>et</em></span> <span class='ocrx_word' id='word_1_228' title='bbox 780 2823 901 2888; x_wconf 73' lang='lat' dir='ltr'><em>libellam</em></span> <span class='ocrx_word' id='word_1_229' title='bbox 916 2825 1053 2888; x_wconf 87' lang='lat' dir='ltr'><em>ciusdem</em></span> <span class='ocrx_word' id='word_1_230' title='bbox 1069 2823 1247 2907; x_wconf 79' lang='lat' dir='ltr'><em>presbyteri</em></span> <span class='ocrx_word' id='word_1_231' title='bbox 1261 2824 1381 2887; x_wconf 90' lang='lat' dir='ltr'><em>Lueidi</em></span> <span class='ocrx_word' id='word_1_232' title='bbox 1396 2823 1432 2887; x_wconf 92' lang='lat' dir='ltr'><em>in</em></span> <span class='ocrx_word' id='word_1_233' title='bbox 1446 2823 1564 2906; x_wconf 77' lang='lat' dir='ltr'><em>synodo</em></span> <span class='ocrx_word' id='word_1_234' title='bbox 1572 2828 1740 2903; x_wconf 85' lang='lat' dir='ltr'><em>porrectus</em></span> <span class='ocrx_word' id='word_1_235' title='bbox 1755 2824 1907 2904; x_wconf 85' lang='lat' dir='ltr'><em>episeopis</em></span> 
     </span>
     <span class='ocr_line' id='line_1_25' title="bbox 247 2926 1906 3009; baseline 0.002 -20"><span class='ocrx_word' id='word_1_236' title='bbox 247 2930 354 3006; x_wconf 87' lang='lat' dir='ltr'><em>aperte</em></span> <span class='ocrx_word' id='word_1_237' title='bbox 376 2926 584 2991; x_wconf 78' lang='lat' dir='ltr'><em>demorntrat:</em></span> <span class='ocrx_word' id='word_1_238' title='bbox 610 2948 692 3008; x_wconf 84' lang='lat' dir='ltr'><em>qnae</em></span> <span class='ocrx_word' id='word_1_239' title='bbox 718 2932 870 3009; x_wconf 76' lang='lat' dir='ltr'><em>meaque,</em></span> <span class='ocrx_word' id='word_1_240' title='bbox 892 2932 922 2992; x_wconf 88' lang='lat' dir='ltr'><em>et</em></span> <span class='ocrx_word' id='word_1_241' title='bbox 944 2927 1112 3008; x_wconf 85' lang='lat' dir='ltr'><em>epistulam</em></span> <span class='ocrx_word' id='word_1_242' title='bbox 1134 2927 1252 2992; x_wconf 90' lang='lat' dir='ltr'><em>scilicet</em></span> <span class='ocrx_word' id='word_1_243' title='bbox 1274 2932 1303 2992; x_wconf 91' lang='lat' dir='ltr'><em>ct</em></span> <span class='ocrx_word' id='word_1_244' title='bbox 1325 2928 1526 2991; x_wconf 77' lang='lat' dir='ltr'><em>corrutionis</em></span> <span class='ocrx_word' id='word_1_245' title='bbox 1549 2926 1694 3005; x_wconf 85' lang='lat' dir='ltr'><em>libellum,</em></span> <span class='ocrx_word' id='word_1_246' title='bbox 1717 2929 1762 2991; x_wconf 90' lang='lat' dir='ltr'><em>ad</em></span> <span class='ocrx_word' id='word_1_247' title='bbox 1782 2929 1906 2992; x_wconf 81' lang='lat' dir='ltr'><em>demore-</em></span> 
     </span>
     <span class='ocr_line' id='line_1_26' title="bbox 247 3029 1907 3112; baseline 0.002 -20"><span class='ocrx_word' id='word_1_248' title='bbox 247 3029 417 3094; x_wconf 86' lang='lat' dir='ltr'><em>strandum</em></span> <span class='ocrx_word' id='word_1_249' title='bbox 439 3031 487 3093; x_wconf 92' lang='lat' dir='ltr'><em>rei</em></span> <span class='ocrx_word' id='word_1_250' title='bbox 508 3031 633 3094; x_wconf 79' lang='lat' dir='ltr'><em>evidues</em></span> <span class='ocrx_word' id='word_1_251' title='bbox 654 3032 888 3109; x_wconf 83' lang='lat' dir='ltr'><em>documentum,</em></span> <span class='ocrx_word' id='word_1_252' title='bbox 919 3032 997 3112; x_wconf 84' lang='lat' dir='ltr'><em>quia</em></span> <span class='ocrx_word' id='word_1_253' title='bbox 1024 3053 1089 3095; x_wconf 82' lang='lat' dir='ltr'><em>riou</em></span> <span class='ocrx_word' id='word_1_254' title='bbox 1117 3030 1302 3112; x_wconf 81' lang='lat' dir='ltr'><em>quaerimus</em></span> <span class='ocrx_word' id='word_1_255' title='bbox 1328 3030 1365 3094; x_wconf 89' lang='lat' dir='ltr'><em>dc</em></span> <span class='ocrx_word' id='word_1_256' title='bbox 1386 3029 1549 3094; x_wconf 73' lang='lat' dir='ltr'><em>manacta</em></span> <span class='ocrx_word' id='word_1_257' title='bbox 1571 3035 1714 3096; x_wconf 87' lang='lat' dir='ltr'><em>astruere</em></span> <span class='ocrx_word' id='word_1_258' title='bbox 1735 3033 1907 3110; x_wconf 86' lang='lat' dir='ltr'><em>veritatem,</em></span> 
     </span>
     <span class='ocr_line' id='line_1_27' title="bbox 248 3133 1905 3221; baseline 0.002 -25"><span class='ocrx_word' id='word_1_259' title='bbox 248 3133 300 3196; x_wconf 81' lang='lat' dir='ltr'><em>liic</em></span> <span class='ocrx_word' id='word_1_260' title='bbox 314 3133 452 3198; x_wconf 77' lang='lat' dir='ltr'><em>iruerere</em></span> <span class='ocrx_word' id='word_1_261' title='bbox 466 3135 678 3198; x_wconf 88' lang='lat' dir='ltr'><em>necessarium</em></span> <span class='ocrx_word' id='word_1_262' title='bbox 693 3134 854 3199; x_wconf 78' lang='lat' dir='ltr'><em>ducimus.</em></span> <span class='ocrx_word' id='word_1_263' title='bbox 905 3136 1127 3200; x_wconf 79' lang='lat' dir='ltr'><em>Caelestinum</em></span> <span class='ocrx_word' id='word_1_264' title='bbox 1151 3156 1270 3221; x_wconf 90' lang='lat' dir='ltr'><em>papam</em></span> <span class='ocrx_word' id='word_1_265' title='bbox 1288 3135 1459 3220; x_wconf 88' lang='lat' dir='ltr'><em>aequalem</em></span> <span class='ocrx_word' id='word_1_266' title='bbox 1474 3133 1591 3198; x_wconf 88' lang='lat' dir='ltr'><em>Lucidi</em></span> <span class='ocrx_word' id='word_1_267' title='bbox 1614 3136 1692 3200; x_wconf 87' lang='lat' dir='ltr'><em>lecit</em></span> <span class='ocrx_word' id='word_1_268' title='bbox 1707 3135 1905 3201; x_wconf 89' lang='lat' dir='ltr'><em>Hincmarus</em></span> 
     </span>
     <span class='ocr_line' id='line_1_28' title="bbox 250 3238 1906 3327; baseline 0.004 -27"><span class='ocrx_word' id='word_1_269' title='bbox 250 3258 375 3311; x_wconf 88' lang='lat' dir='ltr'><em>errore;</em></span> <span class='ocrx_word' id='word_1_270' title='bbox 400 3238 531 3323; x_wconf 90' lang='lat' dir='ltr'><em>scripsit</em></span> <span class='ocrx_word' id='word_1_271' title='bbox 544 3238 676 3324; x_wconf 91' lang='lat' dir='ltr'><em>quidem</em></span> <span class='ocrx_word' id='word_1_272' title='bbox 691 3240 746 3304; x_wconf 94' lang='lat' dir='ltr'><em>ille</em></span> <span class='ocrx_word' id='word_1_273' title='bbox 764 3249 878 3306; x_wconf 89' lang='lat' dir='ltr'><em>contra</em></span> <span class='ocrx_word' id='word_1_274' title='bbox 893 3240 1220 3327; x_wconf 79' lang='lat' dir='ltr'><em>praedestInatianos,</em></span> <span class='ocrx_word' id='word_1_275' title='bbox 1234 3238 1292 3304; x_wconf 92' lang='lat' dir='ltr'><em>sed</em></span> <span class='ocrx_word' id='word_1_276' title='bbox 1308 3240 1410 3303; x_wconf 90' lang='lat' dir='ltr'><em>multo</em></span> <span class='ocrx_word' id='word_1_277' title='bbox 1427 3246 1503 3303; x_wconf 90' lang='lat' dir='ltr'><em>ante</em></span> <span class='ocrx_word' id='word_1_278' title='bbox 1516 3238 1677 3303; x_wconf 87' lang='lat' dir='ltr'><em>Lucidum</em></span> <span class='ocrx_word' id='word_1_279' title='bbox 1693 3239 1906 3306; x_wconf 88' lang='lat' dir='ltr'><em>haereticum.</em></span> 
     </span>
     <span class='ocr_line' id='line_1_29' title="bbox 249 3341 1905 3430; baseline 0 -25"><span class='ocrx_word' id='word_1_280' title='bbox 249 3341 428 3407; x_wconf 89' lang='lat' dir='ltr'><em>Praeterea</em></span> <span class='ocrx_word' id='word_1_281' title='bbox 444 3341 640 3407; x_wconf 88' lang='lat' dir='ltr'><em>Hincmarus</em></span> <span class='ocrx_word' id='word_1_282' title='bbox 656 3344 763 3409; x_wconf 91' lang='lat' dir='ltr'><em>locum</em></span> <span class='ocrx_word' id='word_1_283' title='bbox 784 3345 946 3430; x_wconf 90' lang='lat' dir='ltr'><em>epistulae</em></span> <span class='ocrx_word' id='word_1_284' title='bbox 968 3344 1037 3409; x_wconf 68' lang='grc' dir='ltr'><em>ΕΑ.</em></span> <span class='ocrx_word' id='word_1_285' title='bbox 1051 3343 1134 3409; x_wconf 90' lang='lat' dir='ltr'><em>XIV</em></span> <span class='ocrx_word' id='word_1_286' title='bbox 1150 3365 1168 3407; x_wconf 91' lang='lat' dir='ltr'><em>e</em></span> <span class='ocrx_word' id='word_1_287' title='bbox 1192 3343 1302 3408; x_wconf 87' lang='lat' dir='ltr'><em>codice</em></span> <span class='ocrx_word' id='word_1_288' title='bbox 1323 3343 1350 3406; x_wconf 93' lang='lat' dir='ltr'>P</span> <span class='ocrx_word' id='word_1_289' title='bbox 1367 3343 1465 3406; x_wconf 89' lang='lat' dir='ltr'><em>simili</em></span> <span class='ocrx_word' id='word_1_290' title='bbox 1485 3342 1610 3427; x_wconf 77' lang='lat' dir='ltr'><em>(Migne</em></span> <span class='ocrx_word' id='word_1_291' title='bbox 1626 3341 1760 3423; x_wconf 83' lang='lat' dir='ltr'>CXXV,</span> <span class='ocrx_word' id='word_1_292' title='bbox 1784 3364 1815 3429; x_wconf 94' lang='lat' dir='ltr'><em>p.</em></span> <span class='ocrx_word' id='word_1_293' title='bbox 1829 3343 1905 3428; x_wconf 86' lang='grc'>372)</span> 
     </span>
     <span class='ocr_line' id='line_1_30' title="bbox 247 3445 1907 3535; baseline 0.002 -27"><span class='ocrx_word' id='word_1_294' title='bbox 247 3445 370 3526; x_wconf 91' lang='lat' dir='ltr'><em>attulit,</em></span> <span class='ocrx_word' id='word_1_295' title='bbox 395 3445 477 3511; x_wconf 91' lang='lat' dir='ltr'><em>haec</em></span> <span class='ocrx_word' id='word_1_296' title='bbox 501 3447 541 3512; x_wconf 92' lang='lat' dir='ltr'><em>de</em></span> <span class='ocrx_word' id='word_1_297' title='bbox 558 3448 680 3513; x_wconf 86' lang='lat' dir='ltr'><em>Fausto</em></span> <span class='ocrx_word' id='word_1_298' title='bbox 705 3450 886 3535; x_wconf 87' lang='lat' dir='ltr'><em>praelatus:</em></span> <span class='ocrx_word' id='word_1_299' title='bbox 925 3448 1013 3515; x_wconf 86' lang='lat' dir='ltr'><em>Unde</em></span> <span class='ocrx_word' id='word_1_300' title='bbox 1040 3447 1090 3512; x_wconf 88' lang='lat' dir='ltr'><em>ad</em></span> <span class='ocrx_word' id='word_1_301' title='bbox 1109 3448 1286 3525; x_wconf 89' lang='lat' dir='ltr'><em>Faustum,</em></span> <span class='ocrx_word' id='word_1_302' title='bbox 1315 3447 1424 3529; x_wconf 85' lang='lat' dir='ltr'><em>(cuias</em></span> <span class='ocrx_word' id='word_1_303' title='bbox 1446 3445 1599 3526; x_wconf 71' lang='lat' dir='ltr'><em>‹pimenla</em></span> <span class='ocrx_word' id='word_1_304' title='bbox 1621 3446 1705 3510; x_wconf 88' lang='lat' dir='ltr'><em>inter</em></span> <span class='ocrx_word' id='word_1_305' title='bbox 1726 3447 1907 3530; x_wconf 76' lang='lat' dir='ltr'><em>apocrypha</em></span> 
     </span>
     <span class='ocr_line' id='line_1_31' title="bbox 249 3548 1907 3634; baseline 0.002 -22"><span class='ocrx_word' id='word_1_306' title='bbox 249 3548 422 3630; x_wconf 89' lang='lat' dir='ltr'><em>apostolica</em></span> <span class='ocrx_word' id='word_1_307' title='bbox 443 3551 530 3615; x_wconf 85' lang='lat' dir='ltr'><em>sedes</em></span> <span class='ocrx_word' id='word_1_308' title='bbox 552 3551 703 3634; x_wconf 76' lang='lat' dir='ltr'><em>deputare</em></span> <span class='ocrx_word' id='word_1_309' title='bbox 725 3555 863 3632; x_wconf 80' lang='lat' dir='ltr'><em>curauit,</em></span> <span class='ocrx_word' id='word_1_310' title='bbox 891 3555 1041 3634; x_wconf 81' lang='lat' dir='ltr'><em>qnoniam</em></span> <span class='ocrx_word' id='word_1_311' title='bbox 1070 3574 1142 3617; x_wconf 90' lang='lat' dir='ltr'><em>oum</em></span> <span class='ocrx_word' id='word_1_312' title='bbox 1168 3551 1244 3616; x_wconf 88' lang='lat' dir='ltr'><em>aliis</em></span> <span class='ocrx_word' id='word_1_313' title='bbox 1265 3551 1445 3618; x_wconf 84' lang='lat' dir='ltr'><em>nmlesanae</em></span> <span class='ocrx_word' id='word_1_314' title='bbox 1467 3551 1629 3616; x_wconf 86' lang='lat' dir='ltr'><em>doctrinae</em></span> <span class='ocrx_word' id='word_1_315' title='bbox 1654 3551 1790 3615; x_wconf 73' lang='lat' dir='ltr'><em>citantis</em></span> <span class='ocrx_word' id='word_1_316' title='bbox 1811 3551 1907 3616; x_wconf 88' lang='lat' dir='ltr'><em>etiam</em></span> 
     </span>
     <span class='ocr_line' id='line_1_32' title="bbox 248 3652 1907 3738; baseline 0.002 -22"><span class='ocrx_word' id='word_1_317' title='bbox 248 3652 286 3716; x_wconf 88' lang='lat' dir='ltr'><em>de</em></span> <span class='ocrx_word' id='word_1_318' title='bbox 307 3653 422 3718; x_wconf 85' lang='lat' dir='ltr'><em>ullium</em></span> <span class='ocrx_word' id='word_1_319' title='bbox 437 3657 640 3735; x_wconf 88' lang='lat' dir='ltr'><em>paenitentia</em></span> <span class='ocrx_word' id='word_1_320' title='bbox 661 3679 763 3738; x_wconf 85' lang='lat' dir='ltr'><em>prave</em></span> <span class='ocrx_word' id='word_1_321' title='bbox 790 3659 1020 3736; x_wconf 77' lang='lat' dir='ltr'><em>disseminavit,</em></span> <span class='ocrx_word' id='word_1_322' title='bbox 1051 3659 1137 3722; x_wconf 89' lang='lat' dir='ltr'><em>siout</em></span> <span class='ocrx_word' id='word_1_323' title='bbox 1162 3658 1283 3737; x_wconf 74' lang='lat' dir='ltr'><em>scripta</em></span> <span class='ocrx_word' id='word_1_324' title='bbox 1311 3656 1380 3720; x_wconf 89' lang='lat' dir='ltr'><em>eius</em></span> <span class='ocrx_word' id='word_1_325' title='bbox 1408 3655 1636 3732; x_wconf 79' lang='lat' dir='ltr'><em>dommntrant,</em></span> <span class='ocrx_word' id='word_1_326' title='bbox 1666 3676 1747 3736; x_wconf 78' lang='lat' dir='ltr'><em>qnae</em></span> <span class='ocrx_word' id='word_1_327' title='bbox 1775 3661 1907 3720; x_wconf 88' lang='lat' dir='ltr'><em>sanctus</em></span> 
     </span>
     <span class='ocr_line' id='line_1_33' title="bbox 252 3755 1906 3843; baseline 0.002 -22"><span class='ocrx_word' id='word_1_328' title='bbox 252 3755 448 3822; x_wconf 70' lang='lat' dir='ltr'><em>anustinus</em></span> <span class='ocrx_word' id='word_1_329' title='bbox 474 3760 519 3823; x_wconf 90' lang='lat' dir='ltr'><em>ad</em></span> <span class='ocrx_word' id='word_1_330' title='bbox 540 3761 698 3843; x_wconf 74' lang='lat' dir='ltr'><em>episcopos</em></span> <span class='ocrx_word' id='word_1_331' title='bbox 723 3761 908 3828; x_wconf 73' lang='lat' dir='ltr'><em>Gallicanos</em></span> <span class='ocrx_word' id='word_1_332' title='bbox 928 3762 1067 3827; x_wconf 79' lang='lat' dir='ltr'><em>scribmrs</em></span> <span class='ocrx_word' id='word_1_333' title='bbox 1088 3761 1266 3843; x_wconf 83' lang='lat' dir='ltr'><em>redarpuil,</em></span> <span class='ocrx_word' id='word_1_334' title='bbox 1297 3765 1334 3824; x_wconf 90' lang='lat' dir='ltr'><em>ut</em></span> <span class='ocrx_word' id='word_1_335' title='bbox 1363 3761 1397 3825; x_wconf 88' lang='lat' dir='ltr'><em>in</em></span> <span class='ocrx_word' id='word_1_336' title='bbox 1419 3759 1488 3824; x_wconf 88' lang='lat' dir='ltr'><em>eins</em></span> <span class='ocrx_word' id='word_1_337' title='bbox 1510 3758 1660 3824; x_wconf 89' lang='lat' dir='ltr'><em>decretali</em></span> <span class='ocrx_word' id='word_1_338' title='bbox 1680 3759 1834 3840; x_wconf 87' lang='lat' dir='ltr'><em>scriptum</em></span> <span class='ocrx_word' id='word_1_339' title='bbox 1856 3761 1906 3824; x_wconf 93' lang='lat' dir='ltr'><em>in·</em></span> 
     </span>
     <span class='ocr_line' id='line_1_34' title="bbox 248 3861 1112 3948; baseline 0.006 -24"><span class='ocrx_word' id='word_1_340' title='bbox 248 3861 376 3925; x_wconf 77' lang='lat' dir='ltr'><em>entitur</em></span> <span class='ocrx_word' id='word_1_341' title='bbox 397 3863 558 3948; x_wconf 86' lang='lat' dir='ltr'><em>epistula),</em></span> <span class='ocrx_word' id='word_1_342' title='bbox 580 3866 711 3947; x_wconf 83' lang='lat' dir='ltr'><em>quidam</em></span> <span class='ocrx_word' id='word_1_343' title='bbox 739 3867 903 3932; x_wconf 90' lang='lat' dir='ltr'><em>Paulinus</em></span> <span class='ocrx_word' id='word_1_344' title='bbox 924 3867 972 3931; x_wconf 91' lang='lat' dir='ltr'><em>ila</em></span> <span class='ocrx_word' id='word_1_345' title='bbox 993 3866 1112 3930; x_wconf 73' lang='lat' dir='ltr'><em>scrutil.</em></span> 
     </span>
    </p>

    <p class='ocr_par' dir='ltr' id='par_1_10' title="bbox 247 3956 1980 4579">
     <span class='ocr_line' id='line_1_35' title="bbox 357 3956 1980 4057; baseline -0.001 -27"><span class='ocrx_word' id='word_1_346' title='bbox 357 3965 523 4032; x_wconf 87' lang='lat' dir='ltr'><em>Posterior</em></span> <span class='ocrx_word' id='word_1_347' title='bbox 546 3970 707 4056; x_wconf 88' lang='lat' dir='ltr'><em>epistulae</em></span> <span class='ocrx_word' id='word_1_348' title='bbox 732 3969 800 4035; x_wconf 78' lang='lat' dir='ltr'><em>FA.</em></span> <span class='ocrx_word' id='word_1_349' title='bbox 816 3970 881 4035; x_wconf 90' lang='lat' dir='ltr'><em>XX</em></span> <span class='ocrx_word' id='word_1_350' title='bbox 904 3969 1079 4057; x_wconf 91' lang='lat' dir='ltr'><em>parsinde</em></span> <span class='ocrx_word' id='word_1_351' title='bbox 1103 3992 1123 4034; x_wconf 91' lang='lat' dir='ltr'><em>a</em></span> <span class='ocrx_word' id='word_1_352' title='bbox 1146 3968 1256 4034; x_wconf 86' lang='lat' dir='ltr'><em>verbis</em></span> <span class='ocrx_word' id='word_1_353' title='bbox 1274 3967 1438 4050; x_wconf 63' lang='lat' dir='ltr'><em>maeoniis</em></span> <span class='ocrx_word' id='word_1_354' title='bbox 1459 3973 1496 4032; x_wconf 92' lang='lat' dir='ltr'><em>nt</em></span> <span class='ocrx_word' id='word_1_355' title='bbox 1515 3967 1719 4051; x_wconf 77' lang='lat' dir='ltr'><em>respmndeanr</em></span> <span class='ocrx_word' id='word_1_356' title='bbox 1735 3965 1903 4032; x_wconf 90' lang='lat' dir='ltr'><em>codicibus</em></span> <span class='ocrx_word' id='word_1_357' title='bbox 1930 3956 1980 4027; x_wconf 88' lang='lat' dir='ltr'><em>M</em></span> 
     </span>
     <span class='ocr_line' id='line_1_36' title="bbox 248 4068 1904 4162; baseline 0.002 -30"><span class='ocrx_word' id='word_1_358' title='bbox 248 4068 423 4136; x_wconf 77' lang='lat' dir='ltr'><em>Claudiani</em></span> <span class='ocrx_word' id='word_1_359' title='bbox 446 4072 597 4138; x_wconf 85' lang='lat' dir='ltr'><em>Mamerti</em></span> <span class='ocrx_word' id='word_1_360' title='bbox 624 4075 772 4162; x_wconf 88' lang='lat' dir='ltr'><em>praefixa</em></span> <span class='ocrx_word' id='word_1_361' title='bbox 799 4080 851 4140; x_wconf 89' lang='lat' dir='ltr'><em>est</em></span> <span class='ocrx_word' id='word_1_362' title='bbox 878 4095 986 4159; x_wconf 90' lang='lat' dir='ltr'><em>neque</em></span> <span class='ocrx_word' id='word_1_363' title='bbox 1013 4081 1123 4138; x_wconf 89' lang='lat' dir='ltr'><em>tamen</em></span> <span class='ocrx_word' id='word_1_364' title='bbox 1152 4095 1171 4138; x_wconf 92' lang='lat' dir='ltr'><em>a</em></span> <span class='ocrx_word' id='word_1_365' title='bbox 1200 4073 1359 4159; x_wconf 90' lang='lat' dir='ltr'><em>scriptore</em></span> <span class='ocrx_word' id='word_1_366' title='bbox 1386 4072 1473 4159; x_wconf 89' lang='lat' dir='ltr'><em>ipso,</em></span> <span class='ocrx_word' id='word_1_367' title='bbox 1505 4094 1602 4158; x_wconf 90' lang='lat' dir='ltr'><em>quern</em></span> <span class='ocrx_word' id='word_1_368' title='bbox 1629 4078 1756 4137; x_wconf 85' lang='lat' dir='ltr'><em>constat</em></span> <span class='ocrx_word' id='word_1_369' title='bbox 1783 4073 1904 4157; x_wconf 88' lang='lat' dir='ltr'><em>legisse</em></span> 
     </span>
     <span class='ocr_line' id='line_1_37' title="bbox 248 4174 1906 4265; baseline 0.001 -27"><span class='ocrx_word' id='word_1_370' title='bbox 248 4174 411 4259; x_wconf 89' lang='lat' dir='ltr'><em>integram</em></span> <span class='ocrx_word' id='word_1_371' title='bbox 427 4178 614 4262; x_wconf 86' lang='lat' dir='ltr'><em>epistulam,</em></span> <span class='ocrx_word' id='word_1_372' title='bbox 638 4186 735 4265; x_wconf 91' lang='lat' dir='ltr'><em>prout</em></span> <span class='ocrx_word' id='word_1_373' title='bbox 750 4181 782 4244; x_wconf 92' lang='lat' dir='ltr'><em>iu</em></span> <span class='ocrx_word' id='word_1_374' title='bbox 799 4178 829 4244; x_wconf 82' lang='lat' dir='ltr'>G</span> <span class='ocrx_word' id='word_1_375' title='bbox 845 4185 964 4245; x_wconf 86' lang='lat' dir='ltr'><em>exstat.</em></span> <span class='ocrx_word' id='word_1_376' title='bbox 999 4178 1152 4243; x_wconf 85' lang='lat' dir='ltr'><em>Mamerti</em></span> <span class='ocrx_word' id='word_1_377' title='bbox 1168 4177 1305 4258; x_wconf 88' lang='lat' dir='ltr'><em>codices,</em></span> <span class='ocrx_word' id='word_1_378' title='bbox 1330 4199 1347 4242; x_wconf 91' lang='lat' dir='ltr'><em>e</em></span> <span class='ocrx_word' id='word_1_379' title='bbox 1364 4177 1482 4263; x_wconf 91' lang='lat' dir='ltr'><em>quibus</em></span> <span class='ocrx_word' id='word_1_380' title='bbox 1499 4176 1642 4263; x_wconf 86' lang='lat' dir='ltr'><em>optimus</em></span> <span class='ocrx_word' id='word_1_381' title='bbox 1658 4182 1709 4240; x_wconf 92' lang='lat' dir='ltr'><em>est</em></span> <span class='ocrx_word' id='word_1_382' title='bbox 1723 4175 1906 4264; x_wconf 90' lang='lat' dir='ltr'><em>Lipsiensis</em></span> 
     </span>
     <span class='ocr_line' id='line_1_38' title="bbox 247 4279 1907 4370; baseline 0.001 -27"><span class='ocrx_word' id='word_1_383' title='bbox 247 4300 279 4343; x_wconf 92' lang='lat' dir='ltr'><em>n.</em></span> <span class='ocrx_word' id='word_1_384' title='bbox 302 4280 375 4360; x_wconf 93' lang='grc'>286,</span> <span class='ocrx_word' id='word_1_385' title='bbox 404 4301 490 4348; x_wconf 91' lang='lat' dir='ltr'><em>saec.</em></span> <span class='ocrx_word' id='word_1_386' title='bbox 514 4282 573 4362; x_wconf 93' lang='lat' dir='ltr'>XI,</span> <span class='ocrx_word' id='word_1_387' title='bbox 612 4304 856 4370; x_wconf 91' lang='lat' dir='ltr'><em>nonnumquam</em></span> <span class='ocrx_word' id='word_1_388' title='bbox 892 4286 979 4348; x_wconf 89' lang='lat' dir='ltr'><em>solus</em></span> <span class='ocrx_word' id='word_1_389' title='bbox 1009 4304 1082 4348; x_wconf 91' lang='lat' dir='ltr'><em>cum</em></span> <span class='ocrx_word' id='word_1_390' title='bbox 1106 4282 1136 4346; x_wconf 82' lang='lat' dir='ltr'>G</span> <span class='ocrx_word' id='word_1_391' title='bbox 1160 4280 1375 4360; x_wconf 90' lang='lat' dir='ltr'><em>concordans,</em></span> <span class='ocrx_word' id='word_1_392' title='bbox 1405 4279 1531 4344; x_wconf 92' lang='lat' dir='ltr'><em>habent</em></span> <span class='ocrx_word' id='word_1_393' title='bbox 1558 4302 1641 4365; x_wconf 91' lang='lat' dir='ltr'><em>quae</em></span> <span class='ocrx_word' id='word_1_394' title='bbox 1669 4280 1697 4343; x_wconf 91' lang='lat' dir='ltr'><em>is</em></span> <span class='ocrx_word' id='word_1_395' title='bbox 1725 4280 1845 4344; x_wconf 90' lang='lat' dir='ltr'><em>omittit</em></span> <span class='ocrx_word' id='word_1_396' title='bbox 1874 4285 1907 4344; x_wconf 91' lang='lat' dir='ltr'><em>et</em></span> 
     </span>
     <span class='ocr_line' id='line_1_39' title="bbox 249 4382 1904 4474; baseline -0.002 -26"><span class='ocrx_word' id='word_1_397' title='bbox 249 4405 268 4448; x_wconf 90' lang='lat' dir='ltr'><em>a</em></span> <span class='ocrx_word' id='word_1_398' title='bbox 293 4384 468 4466; x_wconf 86' lang='lat' dir='ltr'><em>contrario,</em></span> <span class='ocrx_word' id='word_1_399' title='bbox 490 4390 527 4449; x_wconf 89' lang='lat' dir='ltr'><em>ut</em></span> <span class='ocrx_word' id='word_1_400' title='bbox 549 4393 723 4474; x_wconf 90' lang='lat' dir='ltr'><em>utrumque</em></span> <span class='ocrx_word' id='word_1_401' title='bbox 747 4388 905 4452; x_wconf 90' lang='lat' dir='ltr'><em>librorum</em></span> <span class='ocrx_word' id='word_1_402' title='bbox 929 4407 1035 4473; x_wconf 89' lang='lat' dir='ltr'><em>genus</em></span> <span class='ocrx_word' id='word_1_403' title='bbox 1060 4407 1135 4451; x_wconf 88' lang='lat' dir='ltr'><em>sese</em></span> <span class='ocrx_word' id='word_1_404' title='bbox 1151 4385 1288 4449; x_wconf 86' lang='lat' dir='ltr'><em>invicem</em></span> <span class='ocrx_word' id='word_1_405' title='bbox 1304 4386 1449 4469; x_wconf 80' lang='lat' dir='ltr'><em>expleat.</em></span> <span class='ocrx_word' id='word_1_406' title='bbox 1494 4382 1547 4449; x_wconf 87' lang='lat' dir='ltr'><em>Ad</em></span> <span class='ocrx_word' id='word_1_407' title='bbox 1569 4389 1714 4448; x_wconf 88' lang='lat' dir='ltr'><em>nostram</em></span> <span class='ocrx_word' id='word_1_408' title='bbox 1735 4404 1804 4447; x_wconf 90' lang='lat' dir='ltr'><em>rem</em></span> <span class='ocrx_word' id='word_1_409' title='bbox 1821 4403 1904 4466; x_wconf 91' lang='lat' dir='ltr'><em>quae</em></span> 
     </span>
     <span class='ocr_line' id='line_1_40' title="bbox 248 4486 1476 4579; baseline 0.002 -29"><span class='ocrx_word' id='word_1_410' title='bbox 248 4486 373 4552; x_wconf 89' lang='lat' dir='ltr'><em>faciunt</em></span> <span class='ocrx_word' id='word_1_411' title='bbox 394 4488 591 4556; x_wconf 89' lang='lat' dir='ltr'><em>Mamertina</em></span> <span class='ocrx_word' id='word_1_412' title='bbox 611 4494 735 4579; x_wconf 90' lang='lat' dir='ltr'><em>sumpsi</em></span> <span class='ocrx_word' id='word_1_413' title='bbox 759 4515 802 4558; x_wconf 82' lang='lat' dir='ltr'><em>ex</em></span> <span class='ocrx_word' id='word_1_414' title='bbox 825 4492 967 4558; x_wconf 90' lang='lat' dir='ltr'><em>editione</em></span> <span class='ocrx_word' id='word_1_415' title='bbox 990 4490 1144 4556; x_wconf 85' lang='lat' dir='ltr'><em>Mamerti</em></span> <span class='ocrx_word' id='word_1_416' title='bbox 1166 4489 1476 4574; x_wconf 82' lang='lat' dir='ltr'><em>Mngelbrechtiana.</em></span> 
     </span>
    </p>

    <p class='ocr_par' dir='ltr' id='par_1_11' title="bbox 248 4589 1906 5201">
     <span class='ocr_line' id='line_1_41' title="bbox 356 4589 1905 4681; baseline -0.001 -26"><span class='ocrx_word' id='word_1_417' title='bbox 356 4589 409 4655; x_wconf 81' lang='lat' dir='ltr'><em>Ex</em></span> <span class='ocrx_word' id='word_1_418' title='bbox 432 4592 483 4656; x_wconf 91' lang='lat' dir='ltr'><em>his</em></span> <span class='ocrx_word' id='word_1_419' title='bbox 507 4595 656 4679; x_wconf 89' lang='lat' dir='ltr'><em>epistulis</em></span> <span class='ocrx_word' id='word_1_420' title='bbox 679 4596 834 4681; x_wconf 85' lang='lat' dir='ltr'><em>princeps</em></span> <span class='ocrx_word' id='word_1_421' title='bbox 861 4594 930 4659; x_wconf 76' lang='lat' dir='ltr'><em>uA,</em></span> <span class='ocrx_word' id='word_1_422' title='bbox 954 4593 1020 4658; x_wconf 89' lang='lat' dir='ltr'><em>XX</em></span> <span class='ocrx_word' id='word_1_423' title='bbox 1047 4593 1155 4658; x_wconf 90' lang='lat' dir='ltr'><em>luceru</em></span> <span class='ocrx_word' id='word_1_424' title='bbox 1180 4592 1276 4672; x_wconf 83' lang='lat' dir='ltr'><em>vidit,</em></span> <span class='ocrx_word' id='word_1_425' title='bbox 1307 4590 1366 4656; x_wconf 91' lang='lat' dir='ltr'><em>sed</em></span> <span class='ocrx_word' id='word_1_426' title='bbox 1389 4594 1549 4681; x_wconf 89' lang='lat' dir='ltr'><em>principio</em></span> <span class='ocrx_word' id='word_1_427' title='bbox 1574 4592 1746 4672; x_wconf 87' lang='lat' dir='ltr'><em>destituta,</em></span> <span class='ocrx_word' id='word_1_428' title='bbox 1774 4591 1905 4675; x_wconf 90' lang='lat' dir='ltr'><em>qualern</em></span> 
     </span>
     <span class='ocr_line' id='line_1_42' title="bbox 249 4693 1902 4784; baseline -0.001 -27"><span class='ocrx_word' id='word_1_429' title='bbox 249 4693 383 4759; x_wconf 89' lang='lat' dir='ltr'><em>codices</em></span> <span class='ocrx_word' id='word_1_430' title='bbox 407 4694 636 4762; x_wconf 81' lang='lat' dir='ltr'><em>Claudiani</em></span> <span class='ocrx_word' id='word_1_431' title='bbox 662 4697 860 4763; x_wconf 87' lang='lat' dir='ltr'><em>Mamerti</em></span> <span class='ocrx_word' id='word_1_432' title='bbox 887 4698 1103 4784; x_wconf 89' lang='lat' dir='ltr'><em>praebebant.</em></span> <span class='ocrx_word' id='word_1_433' title='bbox 1151 4697 1298 4761; x_wconf 90' lang='lat' dir='ltr'><em>Primum</em></span> <span class='ocrx_word' id='word_1_434' title='bbox 1320 4695 1472 4762; x_wconf 87' lang='lat' dir='ltr'><em>Basileae</em></span> <span class='ocrx_word' id='word_1_435' title='bbox 1496 4719 1580 4762; x_wconf 91' lang='lat' dir='ltr'><em>anno</em></span> <span class='ocrx_word' id='word_1_436' title='bbox 1607 4699 1698 4778; x_wconf 84' lang='grc'>1526,</span> <span class='ocrx_word' id='word_1_437' title='bbox 1721 4717 1753 4780; x_wconf 90' lang='lat' dir='ltr'><em>p.</em></span> <span class='ocrx_word' id='word_1_438' title='bbox 1778 4697 1902 4758; x_wconf 89' lang='grc'>25-31</span> 
     </span>
     <span class='ocr_line' id='line_1_43' title="bbox 249 4798 1904 4886; baseline -0.001 -22"><span class='ocrx_word' id='word_1_439' title='bbox 249 4799 283 4864; x_wconf 91' lang='lat' dir='ltr'><em>in</em></span> <span class='ocrx_word' id='word_1_440' title='bbox 307 4798 450 4867; x_wconf 89' lang='lat' dir='ltr'><em>editione</em></span> <span class='ocrx_word' id='word_1_441' title='bbox 474 4801 649 4867; x_wconf 78' lang='lat' dir='ltr'><em>Claudiani</em></span> <span class='ocrx_word' id='word_1_442' title='bbox 672 4824 692 4867; x_wconf 91' lang='lat' dir='ltr'><em>a</em></span> <span class='ocrx_word' id='word_1_443' title='bbox 714 4803 813 4868; x_wconf 88' lang='lat' dir='ltr'><em>Petro</em></span> <span class='ocrx_word' id='word_1_444' title='bbox 836 4803 1019 4868; x_wconf 88' lang='lat' dir='ltr'><em>Mosellano</em></span> <span class='ocrx_word' id='word_1_445' title='bbox 1049 4802 1235 4886; x_wconf 86' lang='lat' dir='ltr'><em>recognita,</em></span> <span class='ocrx_word' id='word_1_446' title='bbox 1264 4801 1440 4865; x_wconf 86' lang='lat' dir='ltr'><em>novissime</em></span> <span class='ocrx_word' id='word_1_447' title='bbox 1471 4802 1505 4865; x_wconf 93' lang='lat' dir='ltr'><em>in</em></span> <span class='ocrx_word' id='word_1_448' title='bbox 1536 4801 1681 4886; x_wconf 81' lang='lat' dir='ltr'><em>Corpore</em></span> <span class='ocrx_word' id='word_1_449' title='bbox 1712 4799 1904 4885; x_wconf 91' lang='lat' dir='ltr'><em>scriptorum</em></span> 
     </span>
     <span class='ocr_line' id='line_1_44' title="bbox 249 4903 1906 4992; baseline -0.002 -24"><span class='ocrx_word' id='word_1_450' title='bbox 249 4905 547 4971; x_wconf 89' lang='lat' dir='ltr'><em>ecclesiasticorum</em></span> <span class='ocrx_word' id='word_1_451' title='bbox 571 4907 762 4971; x_wconf 90' lang='lat' dir='ltr'><em>Latinorum</em></span> <span class='ocrx_word' id='word_1_452' title='bbox 784 4906 1033 4972; x_wconf 90' lang='lat' dir='ltr'><em>Vindoboueusi</em></span> <span class='ocrx_word' id='word_1_453' title='bbox 1061 4907 1147 4971; x_wconf 90' lang='lat' dir='ltr'><em>inter</em></span> <span class='ocrx_word' id='word_1_454' title='bbox 1175 4904 1348 4970; x_wconf 82' lang='lat' dir='ltr'><em>Claudiani</em></span> <span class='ocrx_word' id='word_1_455' title='bbox 1378 4926 1479 4992; x_wconf 89' lang='lat' dir='ltr'><em>opera</em></span> <span class='ocrx_word' id='word_1_456' title='bbox 1505 4927 1536 4991; x_wconf 93' lang='lat' dir='ltr'><em>p.</em></span> <span class='ocrx_word' id='word_1_457' title='bbox 1561 4907 1666 4969; x_wconf 88' lang='grc'>3-17</span> <span class='ocrx_word' id='word_1_458' title='bbox 1691 4903 1732 4968; x_wconf 93' lang='lat' dir='ltr'><em>ab</em></span> <span class='ocrx_word' id='word_1_459' title='bbox 1756 4903 1906 4986; x_wconf 84' lang='lat' dir='ltr'><em>Augusto</em></span> 
     </span>
     <span class='ocr_line' id='line_1_45' title="bbox 250 5005 1906 5099; baseline -0.002 -26"><span class='ocrx_word' id='word_1_460' title='bbox 250 5008 476 5095; x_wconf 83' lang='lat' dir='ltr'><em>Mngelbrecht</em></span> <span class='ocrx_word' id='word_1_461' title='bbox 499 5033 528 5077; x_wconf 95' lang='lat' dir='ltr'><em>a.</em></span> <span class='ocrx_word' id='word_1_462' title='bbox 555 5013 636 5076; x_wconf 92' lang='grc'>1885</span> <span class='ocrx_word' id='word_1_463' title='bbox 661 5011 824 5076; x_wconf 87' lang='lat' dir='ltr'><em>recensita</em></span> <span class='ocrx_word' id='word_1_464' title='bbox 847 5011 976 5099; x_wconf 92' lang='lat' dir='ltr'><em>prodiit.</em></span> <span class='ocrx_word' id='word_1_465' title='bbox 1022 5011 1087 5075; x_wconf 90' lang='lat' dir='ltr'><em>Hie</em></span> <span class='ocrx_word' id='word_1_466' title='bbox 1111 5031 1183 5075; x_wconf 90' lang='lat' dir='ltr'><em>eam</em></span> <span class='ocrx_word' id='word_1_467' title='bbox 1206 5011 1370 5095; x_wconf 88' lang='lat' dir='ltr'><em>integram</em></span> <span class='ocrx_word' id='word_1_468' title='bbox 1393 5008 1484 5074; x_wconf 86' lang='lat' dir='ltr'><em>dedit</em></span> <span class='ocrx_word' id='word_1_469' title='bbox 1507 5031 1550 5074; x_wconf 83' lang='lat' dir='ltr'><em>ex</em></span> <span class='ocrx_word' id='word_1_470' title='bbox 1566 5008 1677 5073; x_wconf 90' lang='lat' dir='ltr'><em>codice</em></span> <span class='ocrx_word' id='word_1_471' title='bbox 1695 5006 1724 5071; x_wconf 88' lang='lat' dir='ltr'><strong>G</strong></span> <span class='ocrx_word' id='word_1_472' title='bbox 1740 5005 1906 5070; x_wconf 92' lang='lat' dir='ltr'><em>nonnullis</em></span> 
     </span>
     <span class='ocr_line' id='line_1_46' title="bbox 248 5114 1405 5201; baseline 0.002 -23"><span class='ocrx_word' id='word_1_473' title='bbox 248 5114 326 5178; x_wconf 90' lang='lat' dir='ltr'><em>locis</em></span> <span class='ocrx_word' id='word_1_474' title='bbox 351 5114 456 5178; x_wconf 90' lang='lat' dir='ltr'><em>minus</em></span> <span class='ocrx_word' id='word_1_475' title='bbox 480 5121 633 5180; x_wconf 89' lang='lat' dir='ltr'><em>accurate</em></span> <span class='ocrx_word' id='word_1_476' title='bbox 657 5117 785 5198; x_wconf 89' lang='lat' dir='ltr'><em>collato,</em></span> <span class='ocrx_word' id='word_1_477' title='bbox 809 5137 890 5201; x_wconf 90' lang='lat' dir='ltr'><em>quos</em></span> <span class='ocrx_word' id='word_1_478' title='bbox 913 5115 1103 5200; x_wconf 86' lang='lat' dir='ltr'><em>singillatim</em></span> <span class='ocrx_word' id='word_1_479' title='bbox 1127 5115 1283 5180; x_wconf 90' lang='lat' dir='ltr'><em>adnotare</em></span> <span class='ocrx_word' id='word_1_480' title='bbox 1306 5115 1405 5180; x_wconf 91' lang='lat' dir='ltr'><em>nolui.</em></span> 
     </span>
    </p>

    <p class='ocr_par' dir='ltr' id='par_1_12' title="bbox 247 5215 1907 5511">
     <span class='ocr_line' id='line_1_47' title="bbox 357 5215 1906 5306; baseline -0.001 -25"><span class='ocrx_word' id='word_1_481' title='bbox 357 5217 411 5282; x_wconf 87' lang='lat' dir='ltr'><em>Ad</em></span> <span class='ocrx_word' id='word_1_482' title='bbox 434 5219 517 5284; x_wconf 91' lang='lat' dir='ltr'><em>hanc</em></span> <span class='ocrx_word' id='word_1_483' title='bbox 541 5226 695 5306; x_wconf 89' lang='lat' dir='ltr'><em>quattuor</em></span> <span class='ocrx_word' id='word_1_484' title='bbox 715 5241 796 5305; x_wconf 92' lang='lat' dir='ltr'><em>quas</em></span> <span class='ocrx_word' id='word_1_485' title='bbox 821 5220 925 5285; x_wconf 82' lang='lat' dir='ltr'><em>codex</em></span> <span class='ocrx_word' id='word_1_486' title='bbox 947 5219 975 5282; x_wconf 93' lang='lat' dir='ltr'><em>P</em></span> <span class='ocrx_word' id='word_1_487' title='bbox 996 5220 1133 5305; x_wconf 87' lang='lat' dir='ltr'><em>praebet</em></span> <span class='ocrx_word' id='word_1_488' title='bbox 1149 5219 1312 5304; x_wconf 88' lang='lat' dir='ltr'><em>epistulae</em></span> <span class='ocrx_word' id='word_1_489' title='bbox 1329 5224 1540 5283; x_wconf 88' lang='lat' dir='ltr'><em>accesserunt</em></span> <span class='ocrx_word' id='word_1_490' title='bbox 1561 5239 1640 5282; x_wconf 89' lang='lat' dir='ltr'><em>cura</em></span> <span class='ocrx_word' id='word_1_491' title='bbox 1655 5217 1708 5304; x_wconf 85' lang='lat' dir='ltr'><em>(P.</em></span> <span class='ocrx_word' id='word_1_492' title='bbox 1725 5215 1906 5299; x_wconf 89' lang='lat' dir='ltr'><em>Pithoei),</em></span> 
     </span>
     <span class='ocr_line' id='line_1_48' title="bbox 247 5319 1907 5410; baseline -0.002 -25"><span class='ocrx_word' id='word_1_493' title='bbox 247 5320 405 5386; x_wconf 90' lang='lat' dir='ltr'><em>Veterum</em></span> <span class='ocrx_word' id='word_1_494' title='bbox 429 5323 553 5410; x_wconf 90' lang='lat' dir='ltr'><em>aliquot</em></span> <span class='ocrx_word' id='word_1_495' title='bbox 572 5322 700 5388; x_wconf 83' lang='lat' dir='ltr'><em>Galliae</em></span> <span class='ocrx_word' id='word_1_496' title='bbox 725 5324 952 5408; x_wconf 87' lang='lat' dir='ltr'><em>theologorum</em></span> <span class='ocrx_word' id='word_1_497' title='bbox 974 5324 1111 5409; x_wconf 89' lang='lat' dir='ltr'><em>scripta,</em></span> <span class='ocrx_word' id='word_1_498' title='bbox 1133 5323 1269 5387; x_wconf 89' lang='lat' dir='ltr'><em>Parisiis</em></span> <span class='ocrx_word' id='word_1_499' title='bbox 1292 5325 1389 5403; x_wconf 92' lang='grc'>1586,</span> <span class='ocrx_word' id='word_1_500' title='bbox 1413 5322 1468 5388; x_wconf 85' lang='lat' dir='ltr'><em>fol.</em></span> <span class='ocrx_word' id='word_1_501' title='bbox 1489 5323 1677 5402; x_wconf 77' lang='grc'>128-141,</span> <span class='ocrx_word' id='word_1_502' title='bbox 1706 5321 1775 5386; x_wconf 85' lang='lat' dir='ltr'><em>FA.</em></span> <span class='ocrx_word' id='word_1_503' title='bbox 1797 5319 1907 5384; x_wconf 92' lang='lat' dir='ltr'>XVII.</span> 
     </span>
     <span class='ocr_line' id='line_1_49' title="bbox 248 5423 1414 5511; baseline 0.003 -23"><span class='ocrx_word' id='word_1_504' title='bbox 248 5423 341 5489; x_wconf 93' lang='lat' dir='ltr'>XIV.</span> <span class='ocrx_word' id='word_1_505' title='bbox 363 5424 429 5490; x_wconf 92' lang='lat' dir='ltr'>XV</span> <span class='ocrx_word' id='word_1_506' title='bbox 451 5424 595 5510; x_wconf 91' lang='lat' dir='ltr'><em>(omissis</em></span> <span class='ocrx_word' id='word_1_507' title='bbox 619 5447 692 5490; x_wconf 90' lang='lat' dir='ltr'><em>cum</em></span> <span class='ocrx_word' id='word_1_508' title='bbox 716 5425 828 5490; x_wconf 86' lang='lat' dir='ltr'><em>codice</em></span> <span class='ocrx_word' id='word_1_509' title='bbox 852 5425 1009 5490; x_wconf 88' lang='lat' dir='ltr'><em>extremis</em></span> <span class='ocrx_word' id='word_1_510' title='bbox 1033 5446 1062 5511; x_wconf 92' lang='lat' dir='ltr'><em>p.</em></span> <span class='ocrx_word' id='word_1_511' title='bbox 1088 5427 1161 5506; x_wconf 93' lang='grc'>282,</span> <span class='ocrx_word' id='word_1_512' title='bbox 1186 5426 1296 5511; x_wconf 83' lang='grc'>5-9).</span> <span class='ocrx_word' id='word_1_513' title='bbox 1320 5425 1414 5492; x_wconf 94' lang='lat' dir='ltr'>XVI.</span> 
     </span>
    </p>

    <p class='ocr_par' dir='ltr' id='par_1_13' title="bbox 248 5528 1907 5720">
     <span class='ocr_line' id='line_1_50' title="bbox 356 5528 1906 5616; baseline -0.001 -23"><span class='ocrx_word' id='word_1_514' title='bbox 356 5528 522 5615; x_wconf 86' lang='lat' dir='ltr'><em>Epistulas</em></span> <span class='ocrx_word' id='word_1_515' title='bbox 548 5529 664 5595; x_wconf 84' lang='lat' dir='ltr'><em>Fausti</em></span> <span class='ocrx_word' id='word_1_516' title='bbox 692 5529 873 5616; x_wconf 90' lang='lat' dir='ltr'><em>Lucidique</em></span> <span class='ocrx_word' id='word_1_517' title='bbox 898 5529 965 5595; x_wconf 78' lang='lat' dir='ltr'><em>uA.</em></span> <span class='ocrx_word' id='word_1_518' title='bbox 989 5528 1119 5594; x_wconf 90' lang='lat' dir='ltr'>XVIII.</span> <span class='ocrx_word' id='word_1_519' title='bbox 1143 5529 1227 5593; x_wconf 92' lang='lat' dir='ltr'><em>XIX</em></span> <span class='ocrx_word' id='word_1_520' title='bbox 1250 5551 1269 5596; x_wconf 89' lang='lat' dir='ltr'><em>e</em></span> <span class='ocrx_word' id='word_1_521' title='bbox 1294 5529 1406 5595; x_wconf 89' lang='lat' dir='ltr'><em>codice</em></span> <span class='ocrx_word' id='word_1_522' title='bbox 1434 5529 1630 5615; x_wconf 90' lang='lat' dir='ltr'><em>interpolato</em></span> <span class='ocrx_word' id='word_1_523' title='bbox 1660 5528 1762 5594; x_wconf 90' lang='lat' dir='ltr'><em>edidit</em></span> <span class='ocrx_word' id='word_1_524' title='bbox 1788 5529 1906 5593; x_wconf 86' lang='lat' dir='ltr'><em>Baro-</em></span> 
     </span>
     <span class='ocr_line' id='line_1_51' title="bbox 248 5632 1907 5720; baseline -0.002 -21"><span class='ocrx_word' id='word_1_525' title='bbox 248 5635 352 5712; x_wconf 84' lang='lat' dir='ltr'><em>nius,</em></span> <span class='ocrx_word' id='word_1_526' title='bbox 387 5633 534 5703; x_wconf 85' lang='lat' dir='ltr'><em>Annales</em></span> <span class='ocrx_word' id='word_1_527' title='bbox 564 5635 793 5716; x_wconf 84' lang='lat' dir='ltr'><em>ecclesiastici,</em></span> <span class='ocrx_word' id='word_1_528' title='bbox 824 5634 947 5699; x_wconf 86' lang='lat' dir='ltr'><em>Rornae</em></span> <span class='ocrx_word' id='word_1_529' title='bbox 974 5637 1071 5716; x_wconf 87' lang='grc'>1595,</span> <span class='ocrx_word' id='word_1_530' title='bbox 1102 5640 1178 5698; x_wconf 88' lang='lat' dir='ltr'><em>tom.</em></span> <span class='ocrx_word' id='word_1_531' title='bbox 1202 5633 1265 5715; x_wconf 93' lang='lat' dir='ltr'><em>VI,</em></span> <span class='ocrx_word' id='word_1_532' title='bbox 1294 5656 1326 5720; x_wconf 93' lang='lat' dir='ltr'><em>p.</em></span> <span class='ocrx_word' id='word_1_533' title='bbox 1350 5636 1531 5699; x_wconf 84' lang='grc'>446-147.</span> <span class='ocrx_word' id='word_1_534' title='bbox 1586 5632 1770 5719; x_wconf 83' lang='lat' dir='ltr'><em>Epistulam</em></span> <span class='ocrx_word' id='word_1_535' title='bbox 1794 5633 1907 5697; x_wconf 83' lang='lat' dir='ltr'><em>Fausti</em></span> 
     </span>
    </p>
   </div>
   <div class='ocr_carea' id='block_1_4' title="bbox 0 0 2370 6436">
    <p class='ocr_par' dir='ltr' id='par_1_14' title="bbox 0 0 2370 6436">
     <span class='ocr_line' id='line_1_52' title="bbox 0 0 2370 6436; baseline 0 0"><span class='ocrx_word' id='word_1_536' title='bbox 0 0 2370 6436; x_wconf 95' lang='lat' dir='ltr'><em> </em></span> 
     </span>
    </p>
   </div>
  </div>
 </body>
</html>
