4634 6458
1018 1171 1179 1292 GAI
1215 1171 1503 1294 SOLLII

527 1449 1419 1619 accumulans
1486 1450 1992 1619 mooun
2059 1493 2067 1508 2

807 1761 1708 1990 EPISTULARUM

913 2083 1167 2204 LIBER
1203 2082 1614 2208 OCTAVUS.

1114 2589 1116 2596 s
1250 2540 1278 2605 I.

855 2661 1067 2727 SIDONIUS
1091 2660 1319 2727 PETRONIO
1345 2660 1431 2726 SUO
1456 2659 1679 2726 SALUTEM.

383 2789 394 2847 l
544 2767 604 2861 Tu
624 2743 763 2881 'quidem
791 2792 925 2880 pulchre
960 2794 1042 2866 (mos
1070 2791 1123 2856 hic
1151 2798 1239 2874 tuus,
1272 2797 1305 2856 et
1334 2791 1536 2878 persevera),
1572 2791 1622 2854 vir
1656 2791 1800 2856 omnium
1831 2791 2001 2874 bonorum,
2033 2796 2087 2878 qui

432 2899 560 2984 uspiam
591 2899 725 2984 degunt,
755 2898 853 2963 laude
884 2895 1088 2980 dignissime,
1122 2895 1207 2981 quod
1237 2895 1415 2960 amicorum
1443 2895 1577 2981 gloriae,
1611 2894 1717 2959 sicubi
1747 2897 1848 2976 loeus,
1879 2897 2087 2965 lenocinaris.

432 3001 507 3068 hine
531 3003 693 3090 estquod
722 3003 821 3068 etiam
850 3001 969 3065 scrinia
990 2999 1141 3064 Arverna
1172 2999 1258 3085 petis
1288 2998 1470 3080 eventilari,
1506 2998 1558 3062 oui
1587 2998 1738 3063 sulficere
1768 3001 2028 3086 suspicabamur,
2059 3003 2087 3066 si

432 3106 509 3191 quid
543 3107 711 3192 superiore
746 3106 882 3191 vulgatu
916 3102 1174 3190 protulissemus.
1222 3104 1331 3188 itaque
1367 3123 1492 3167 morem
1527 3122 1680 3187 geremus
1715 3102 1887 3184 iniunctis,
1922 3104 2085 3170 actionem
2128 3121 2140 3156 ὁ

430 3217 541 3275 tamen
565 3211 631 3277 stili
656 3217 793 3276 eatenus
817 3207 1035 3296 prorogaturi,
1058 3213 1094 3271 ut
1111 3207 1325 3294 epistularum
1348 3207 1470 3272 seriem
1492 3206 1644 3270 nimirum
1667 3225 1687 3270 a
1710 3205 1887 3292 primordio
1912 3208 2086 3274 voluminis

431 3307 658 3378 inchoatarum
680 3314 716 3378 in
739 3313 863 3380 extimo
887 3311 952 3375 fine
976 3311 1068 3397 parvi
1093 3310 1199 3375 adhuc
1221 3311 1345 3376 numeri
1375 3331 1501 3376 summa
1530 3307 1715 3396 protendat,
1746 3330 1828 3396 opus
1851 3310 2006 3376 videlicet
2029 3335 2087 3376 ex-

381 3418 400 3479 2
431 3417 578 3503 plicitum
602 3417 743 3503 quodam
775 3417 869 3503 quasi
897 3415 1054 3500 marginis
1083 3415 1133 3480 sui
1166 3414 1268 3479 limbo
1300 3421 1505 3480 coronatura.
1552 3411 1611 3478 sed
1641 3414 1715 3500 plus
1745 3413 1925 3478 cavendum
1954 3421 2015 3495 est,
2046 3437 2088 3480 ne

434 3541 508 3584 sera
537 3527 671 3607 propter
700 3520 766 3583 iam
795 3519 959 3606 propalati
988 3525 1164 3604 augmenta
1197 3518 1370 3584 voluminis
1399 3519 1432 3582 iu
1464 3518 1590 3603 aliquos
1622 3517 1759 3581 forsitan
1794 3516 1974 3582 incidamus
2004 3519 2088 3583 vitu-

431 3644 582 3708 perones,
615 3645 751 3710 quorum
783 3622 897 3708 sugere
925 3623 1054 3707 linguas
1085 3628 1158 3688 cote
1187 3623 1298 3688 livoris
1329 3623 1526 3687 naturalitus
1556 3621 1759 3686 acuminatas
1788 3642 1830 3685 ne
1853 3620 2088 3687 Demosthenis
2116 3638 2141 3675 ¹⁰

432 3727 563 3812 quidem
594 3727 828 3812 Ciceronisque
858 3728 1042 3792 sententiae
1077 3726 1219 3792 artifices
1251 3733 1284 3792 et
1316 3727 1447 3812 eloquia
1473 3725 1566 3790 fabra
1596 3731 1744 3811 potuere,
1779 3745 1915 3810 quorum
1945 3727 2088 3791 anterior

432 3839 542 3895 orator
569 3829 756 3912 Demaden,
794 3831 927 3896 citerior
956 3831 1136 3896 Antonium
1168 3832 1353 3897 toleravere
1388 3831 1614 3916 derogatores;
1646 3829 1700 3914 qui
1734 3829 1824 3894 lividi
1860 3851 1933 3894 eum
1966 3832 2087 3896 fuerint

433 3935 577 3999 malitiae
602 3935 722 4015 clarae,
746 3933 899 3999 dictionis
924 3934 1093 4016 obscurae,
1124 3941 1234 4000 tamen
1257 3935 1299 3999 ad
1321 3935 1471 4000 notitiam
1503 3941 1711 4021 posterorum
1738 3954 1798 4018 per
1826 3933 1902 3998 odia
1929 3935 2086 4000 virtutum

381 4040 400 4100 3
431 4037 697 4102 decucurrerunt.
749 4037 807 4102 sed
842 4039 917 4124 quia
950 4037 1107 4114 hortaris,
1141 4038 1287 4125 repetitis
1322 4039 1472 4114 laxemus
1507 4039 1582 4102 vela
1610 4037 1796 4102 turbinibus
1831 4044 1864 4102 et
1897 4039 1952 4122 qui
1982 4039 2085 4104 veluti

432 4142 536 4205 maria
559 4142 808 4222 transmisimus,
831 4143 894 4208 hoc
918 4143 1011 4229 quasi
1036 4149 1187 4228 stagnum
1210 4143 1475 4229 pernavigemus.
1520 4163 1594 4206 nam
1623 4142 1702 4206 satis
1725 4141 1832 4206 habeo
1857 4140 2085 4220 deliberatum,
2115 4158 2138 4194 ι’»

433 4244 516 4308 sieut
539 4244 758 4311 adhibendam
781 4246 814 4311 in
838 4247 1077 4334 conscriptione
1102 4247 1318 4333 diligentiam,
1351 4247 1398 4311 ita
1420 4245 1594 4310 tenendam
1623 4246 1655 4310 in
1684 4245 1831 4310 editione
1860 4245 2086 4312 constantiam.

434 4347 566 4412 demum
588 4370 666 4414 vero
689 4348 833 4414 medium
861 4349 941 4415 nihil
971 4357 1036 4416 est:
1071 4372 1212 4436 namque
1241 4357 1297 4415 aut
1323 4350 1493 4415 minimum
1523 4370 1566 4415 ex
1593 4348 1684 4415 hisce
1714 4348 1926 4415 metuendum
1956 4355 2008 4413 est
2030 4355 2086 4414 aut

435 4473 495 4538 per
517 4453 627 4518 omnia
649 4454 782 4520 omnino
806 4454 1102 4522 conticescendum.
1147 4455 1231 4524 vale.

536 4678 548 4730 1
569 4680 689 4733 Sidonius
713 4689 737 4732 et
757 4698 804 4733 suo
827 4683 935 4734 salutern
954 4699 1001 4732 om.
1016 4681 1046 4733 F
1162 4679 1180 4733 2
1202 4682 1308 4749 pulchre
1333 4680 1370 4746 (rs
1391 4681 1420 4732 ic
1441 4696 1495 4732 ras.
1508 4678 1543 4730 Μ
1547 4677 1567 4744 ¹)
1581 4678 1620 4743 Μ,
1643 4679 1773 4746 pulcreO
1883 4677 1908 4729 ’4
1930 4695 2044 4730 arvenna
2061 4679 2085 4728 L

432 4799 579 4851 eventilaris
603 4799 627 4866 (s
649 4817 716 4852 cras.
734 4800 769 4850 Μ
773 4799 793 4868 ¹)
810 4801 844 4851 Μ
918 4802 1129 4870 conspicabamnr
1144 4800 1173 4852 F
1281 4800 1298 4852 b
1320 4801 1506 4868 protilissemus
1519 4799 1547 4850 F
1658 4797 1674 4849 l
1697 4801 1792 4852 extimo
1816 4817 1883 4851 corr.
1902 4817 1933 4849 er
1950 4793 2037 4851 extim'
2051 4801 2085 4850 0¹

434 4877 508 4985 {idei
526 4937 593 4971 corr.
611 4938 642 4974 ea
659 4878 735 4988 ddam
748 4921 789 4973 F¹
898 4885 1150 5008 v9vituperctionas
1164 4921 1206 4972 F¹
1331 4919 1365 4973 10
1383 4928 1440 4972 eote
1455 4921 1483 4972 in
1500 4937 1554 4972 ras.
1567 4921 1602 4971 Μ
1605 4921 1613 4951 ¹
1696 4879 1821 4973 natddtus
1836 4921 1880 4984 0¹,
1897 4919 2090 4972 naturalitorT

432 5041 616 5093 ascunriuatas
639 5039 731 5106 (anam
754 5043 801 5095 tia.
819 5060 886 5096 eras.
902 5044 937 5094 Μ
939 5043 962 5109 ²)
979 5042 1012 5092 M
1056 4996 1062 5009 ·
1096 5059 1144 5095 nec
1161 5040 1195 5091 Μ
1198 5041 1265 5092 TOP
1350 5042 1503 5094 demostenis
1519 5041 1595 5106 TOF,
1618 5041 1791 5094 demonstanis
1803 5041 1860 5091 MP
1981 5039 2011 5092 11
2031 5059 2087 5093 sorr-

434 5162 571 5214 tenciaoO
678 5160 711 5213 12
729 5163 934 5230 oratorMTOP‚
951 5157 1058 5228 orat'L,
1075 5163 1166 5216 onaF
1231 5163 1405 5216 clemadenF
1469 5165 1602 5216 antonium
1620 5163 1683 5215 add.
1700 5163 1729 5214 ia
1745 5180 1828 5228 marg.
1841 5161 1881 5212 F¹
1954 5181 1990 5213 aa
2007 5164 2087 5214 acclu-

433 5280 546 5331 dcndum
564 5283 667 5366 lividii
763 5282 796 5335 13
814 5285 966 5337 maliciasO
1032 5283 1151 5336 noticiam
1169 5283 1240 5335 TOF
1305 5242 1436 5352 postdorum
1450 5284 1485 5336 0¹
1556 5285 1763 5336 dancurrerunt
1782 5282 1812 5348 (2
1830 5283 1876 5334 lia.
1895 5300 1962 5333 eros.
1976 5283 2034 5348 Μ’)
2049 5283 2088 5346 Μ,

434 5401 602 5454 decurrerunt
619 5401 713 5452 TOFP
832 5402 866 5456 14
882 5404 1035 5473 reperitisL
1121 5404 1279 5456 laxamusT
1360 5405 1508 5458 turbinibus
1519 5404 1549 5454 M
1555 5402 1655 5466 TOFP,
1677 5403 1851 5511 turbidipish
1974 5401 2007 5456 15
2024 5362 2088 5456 trah-

433 5522 550 5572 misimus
568 5521 601 5571 M
607 5521 615 5552 ¹
763 5521 795 5574 16
820 5525 992 5578 adhibendum
1010 5524 1040 5576 F
1139 5525 1276 5591 scriptione
1299 5523 1324 5573 T
1466 5522 1497 5575 ll
1524 5526 1604 5576 nichil
1622 5523 1732 5586 MTOP,
1760 5525 1787 5574 nl
1808 5523 1837 5574 F
1938 5540 2040 5588 risuque
2058 5523 2092 5573 Μ

436 5639 468 5693 18
486 5642 702 5695 conticiscendum
716 5643 764 5693 LO
831 5652 908 5694 totam·
926 5661 967 5710 ep.
979 5644 1017 5694 ΙΙ
1030 5661 1078 5695 om.
1091 5643 1145 5694 ΜΤ
1209 5645 1397 5710 inscriptionem
1416 5663 1464 5696 om.
1477 5644 1506 5696 F
