4612 6428
429 431 491 496 296
939 427 1069 486 FAUSTI
1088 431 1328 499 ALIORUMQUE
1348 431 1555 518 EPISIULAE.

299 591 382 663 GM
431 604 487 668 sed
512 605 572 668 hoc
595 605 706 691 ipsud,
737 606 823 690 quod
846 627 932 669 nuno
956 607 1120 671 internos
1145 609 1339 672 commercia
1363 629 1548 673 sermonum
1573 614 1684 673 mutua
1708 607 1841 694 spiritus
1865 609 1991 673 actione
2016 607 2075 672 mi-

432 729 574 790 scemus,
603 709 692 795 loqui
722 731 772 773 me
802 710 984 790 vobiscum,
1015 710 1071 774 sed
1099 711 1185 796 apud
1209 713 1440 775 conscientiam
1465 733 1586 791 meam,
1615 712 1735 782 seuti0;
1763 711 1804 775 ad
1834 734 1892 776 vos
1916 733 1994 776 vero
2024 735 2076 776 me

381 816 421 877 39
432 814 613 877 accessisse
642 835 706 878 non
736 815 852 879 sentio.
902 836 978 878 nam
1006 815 1132 879 slvere
1163 816 1271 879 anima
1302 836 1375 879 cum
1407 817 1472 879 suis
1501 815 1578 879 ferri
1607 814 1756 879 sensibus
1785 815 1937 892 creditur,
1967 822 2000 880 et
2027 816 2077 878 his

430 937 567 1002 quorum
602 919 819 982 reminiscitur
850 919 922 1005 ipsa
955 940 1014 1003 per
1048 939 1083 982 se
1119 919 1187 982 suis
1223 918 1473 1004 cogitationibus
1507 926 1742 1005 praesentatur.
1792 939 1869 983 ecoe
1904 941 1962 1005 per
1995 919 2077 983 haec

429 1021 612 1106 praesentis
651 1023 807 1109 temporis
845 1027 1011 1086 momenta
1048 1043 1105 1086 vos
1143 1023 1250 1107 cogito
1288 1031 1334 1102 et,
1376 1025 1482 1087 animo
1525 1024 1770 1102 reminiscente,
1810 1045 1868 1087 vos
1911 1023 2004 1089 video
2046 1031 2080 1087 et
2120 1037 2131 1073 ⁵

431 1123 640 1203 omnimodis,
669 1124 744 1210 quid
769 1127 892 1210 geratis
917 1134 950 1190 et
972 1134 1081 1190 utrum
1105 1127 1205 1210 quieti
1229 1147 1270 1190 an
1294 1127 1425 1191 lectioni
1449 1127 1502 1191 vel
1526 1127 1664 1191 orationi
1688 1128 1828 1204 vacetis,
1852 1128 1974 1212 ignoro.
2020 1126 2077 1192 sed

430 1229 492 1292 hoc
515 1227 588 1294 idco
612 1229 736 1304 evenit,
768 1230 845 1314 quia
867 1229 908 1293 ad
932 1250 989 1294 vos
1014 1230 1119 1294 cordis
1143 1231 1278 1310 affectu,
1310 1251 1375 1295 non
1399 1232 1470 1316 ipsa
1493 1231 1698 1296 substantiae
1720 1252 1814 1295 meae
1839 1231 1977 1295 veritate
2001 1251 2076 1316 per-

379 1337 419 1396 40
430 1333 534 1398 venio.
572 1353 678 1418 neque
702 1333 843 1397 enimin
868 1335 935 1398 suis
958 1334 1110 1414 motibus,
1134 1355 1215 1419 quos
1238 1357 1323 1398 nuuc
1347 1335 1495 1420 optimos,
1520 1356 1605 1399 nunc
1630 1335 1792 1420 pessimos
1817 1357 1889 1400 esse
1907 1335 2077 1413 sentimus,

431 1437 558 1501 animae
581 1443 710 1500 nostrae
733 1444 849 1501 natura
872 1438 1030 1501 consistit.
1075 1459 1150 1501 nam
1175 1439 1202 1502 si
1226 1459 1284 1524 per
1308 1439 1521 1523 cogitationes
1545 1461 1622 1503 suas
1646 1445 1797 1502 constare
1821 1437 1985 1503 credenda
2016 1445 2078 1518 est,

431 1561 498 1620 cur,
522 1541 570 1604 eis
592 1539 755 1605 interdum
778 1541 1053 1605 evanescentibus
1078 1547 1175 1625 atque
1201 1541 1424 1628 pereuntibus,
1448 1542 1521 1627 ipsa
1545 1543 1577 1605 in
1595 1543 1645 1606 sui
1662 1543 1774 1626 vigore
1792 1548 1891 1627 atque
1908 1542 2076 1606 alacritate
2107 1556 2131 1592 ¹⁰

431 1641 607 1730 perdurat?
646 1652 786 1729 quantae
803 1665 882 1728 ergo
899 1645 932 1708 in
949 1644 1042 1707 nobis
1059 1645 1347 1729 frequentissimae
1364 1646 1578 1729 cogitationes
1604 1653 1637 1710 et
1661 1667 1757 1711 curae
1782 1647 1879 1710 etiarn
1905 1645 2080 1710 salubriter

380 1753 416 1812 41
431 1748 612 1812 moriuntur
634 1756 667 1812 et
683 1748 769 1812 vitae
792 1747 896 1832 magis
920 1748 1049 1813 liberati
1073 1749 1236 1811 interioris
1262 1755 1451 1834 operantur!
1489 1749 1516 1812 si
1533 1750 1613 1835 ipsis
1631 1751 1738 1814 anima
1755 1758 1931 1830 constaret,
1955 1751 2079 1834 absque

432 1851 541 1931 dubio,
564 1853 644 1938 ipsis
668 1852 891 1939 pereuntibus,
916 1873 1088 1937 superesse
1106 1873 1171 1915 non
1187 1860 1311 1937 posset.
1348 1853 1434 1917 unde
1451 1853 1511 1917 hoc
1529 1853 1631 1937 magis
1647 1853 1719 1939 ipsa
1736 1855 1942 1918 conscientiis
1958 1853 2078 1918 nostris

432 1956 514 2020 ratio
546 1956 696 2041 loquitur,
728 1955 813 2040 quod
843 1976 1057 2040 unaquaeque
1081 1957 1190 2019 anima
1213 1963 1269 2020 aut
1292 1957 1484 2041 multiplicia
1508 1959 1648 2042 cogitata
1673 1979 1777 2022 rorum
1802 1959 1910 2023 causis
1935 1959 2020 2022 intra
2043 1979 2079 2021 se

432 2067 591 2146 concepta
625 2061 784 2145 parturiat
817 2068 873 2124 aut
909 2081 1026 2124 sensus
1063 2081 1138 2124 suos
1177 2061 1266 2124 velut
1303 2059 1463 2146 quaedam
1498 2061 1603 2125 officia
1637 2070 1694 2125 aut
1727 2063 1908 2126 ministeria
1941 2061 2078 2126 diversis
2109 2075 2133 2112 ¹⁵

432 2163 682 2228 necessitatibus
706 2162 894 2250 occupanda
926 2163 1107 2249 dispergat,
1137 2165 1208 2249 ipsa
1237 2185 1314 2228 vero
1344 2166 1376 2228 in
1407 2165 1553 2229 conclavi
1586 2166 1728 2252 corporis
1759 2167 1810 2230 sui
1839 2167 1941 2231 semel
1971 2167 2011 2231 de
2041 2187 2080 2230 eo

380 2270 422 2332 dt
433 2269 561 2332 exitura
583 2269 777 2354 requiescat.
823 2289 918 2354 quam
943 2269 984 2332 ob
1008 2290 1078 2333 rem
1100 2270 1236 2333 localem
1262 2291 1334 2334 esse
1357 2271 1477 2355 ipsam,
1502 2275 1536 2333 ut
1559 2269 1665 2333 denuo
1689 2269 1855 2334 sufficiens
1878 2269 2079 2356 proferamus

433 2372 630 2457 exemplum,
653 2392 762 2436 nonne
786 2373 896 2436 anima
917 2372 1044 2450 Lazari,
1069 2378 1222 2437 manente
1245 2374 1323 2451 vita,
1348 2374 1432 2437 intra
1456 2394 1574 2459 corpus
1596 2373 1672 2448 fnit;
1696 2373 1872 2439 recedente
1889 2379 1997 2437 autern
2014 2372 2082 2436 vita

432 2475 473 2540 de
496 2475 685 2539 habitaculo
710 2477 868 2563 corporis,
899 2477 1075 2556 exsulavit,
1104 2484 1137 2541 et
1161 2498 1286 2541 rursum
1310 2479 1395 2540 intra
1418 2479 1606 2541 exanimum
1629 2476 1740 2541 refusa
1763 2499 1895 2563 corpus,
1918 2477 1974 2540 illo
1997 2475 2082 2540 unde

434 2579 665 2644 absentaverat
688 2589 823 2644 evocata
847 2581 1023 2645 remeavit?
1070 2587 1146 2644 tunc
1171 2602 1242 2644 eam
1265 2587 1427 2666 tamquam
1453 2588 1487 2646 et
1515 2581 1647 2667 hospitii
1677 2580 1878 2646 habitatione
1909 2579 2080 2666 depulsam
2108 2595 2134 2631 ἐν

433 2694 466 2746 et
496 2704 624 2747 rursum
652 2684 737 2748 iutra
765 2684 941 2769 hospitium
972 2683 1057 2747 unde
1085 2684 1317 2748 absentaverat
1345 2684 1530 2748 restitutam
1557 2684 1649 2747 vides
1679 2692 1712 2748 et
1743 2684 1882 2748 localem
1912 2705 1977 2748 non
2009 2705 2083 2748 esse

381 2789 421 2850 43
433 2786 624 2851 contendis?
660 2786 716 2850 sed
741 2786 814 2872 quid
833 2809 892 2873 ego
911 2789 992 2852 haec
1010 2787 1050 2852 de
1068 2786 1271 2874 corruptibili
1286 2789 1417 2853 homino
1434 2791 1557 2873 loquar,
1582 2810 1654 2852 cum
1671 2789 1725 2852 ille
1749 2789 1865 2853 cuius
1889 2809 1982 2853 caro
2006 2808 2082 2851 non

433 2890 541 2955 vidit
568 2892 869 2978 corruptionem
899 2891 1142 2956 immaculatam
1171 2892 1300 2977 quidem
1329 2894 1467 2956 animam
1495 2892 1693 2978 possederit,
1722 2893 1781 2957 sed
1803 2893 1955 2973 localem,
1986 2912 2082 2977 quarn

432 2995 544 3078 utique
568 2995 654 3074 intra
678 3017 713 3058 se
736 2995 865 3074 habuit,
897 2995 1025 3081 quando
1049 2997 1168 3060 affixus
1192 3005 1244 3062 est
1266 2998 1298 3060 in
1322 2997 1481 3082 patibulo,
1515 3004 1608 3060 extra
1636 3018 1670 3061 se
1700 2997 1811 3083 procul
1841 2995 1940 3060 dubio
1964 2995 2081 3073 emisit,

434 3097 562 3182 quaudo
586 3099 685 3162 iacuit
708 3098 741 3162 in
765 3099 951 3185 sepulchro:
984 3099 1147 3185 quomodo
1170 3121 1233 3164 nou
1259 3107 1308 3164 est
1330 3101 1459 3178 localis,
1489 3121 1585 3185 quam
1616 3121 1690 3164 caro
1720 3101 1879 3180 continet,
1909 3101 1976 3164 vita
2005 3118 2081 3162 con·
2111 3112 2136 3151 2⁹⁵

382 3205 421 3264 44
434 3202 552 3287 iungit,
583 3224 667 3266 mors
694 3209 843 3289 separat?
889 3203 973 3288 quod
1004 3204 1048 3284 si,
1079 3211 1115 3267 ut
1138 3203 1235 3278 dicis,
1263 3205 1401 3268 localem
1425 3204 1654 3268 necessitatem
1679 3203 1859 3268 animarum
1882 3211 1998 3268 natura
2020 3223 2083 3265 nou

435 3307 567 3392 recipit,
591 3327 655 3370 non
680 3307 797 3370 desunt
820 3327 898 3391 ergo
923 3316 956 3371 et
981 3305 1022 3370 dc
1046 3307 1179 3391 regione
1203 3308 1344 3393 paradisi
1367 3307 1442 3372 illas
1467 3328 1550 3393 quae
1574 3329 1704 3372 carcere
1728 3306 1925 3371 clauduntur
1946 3305 2083 3370 inseruit

434 3410 496 3491 dic,
520 3431 653 3494 quaeso,
678 3411 705 3474 si
728 3411 851 3474 locales
875 3430 941 3475 non
964 3420 1049 3490 suut,
1073 3411 1235 3495 quomodo
1259 3419 1450 3497 peccatores
1467 3433 1486 3474 a
1503 3413 1649 3476 coetibus
1671 3412 1906 3496 consortiisque
1924 3412 2084 3474 iustorum

434 3520 561 3577 vastum
591 3513 669 3577 illud
701 3512 800 3578 chaos
830 3514 915 3577 tristi
948 3515 1175 3579 interiectione
1206 3515 1420 3594 discriminat,
1459 3523 1501 3579 ut
1536 3537 1663 3600 neque
1694 3515 1788 3579 hinc
1819 3514 1895 3578 illo
1926 3513 2085 3599 possint

383 3618 626 3682 45accedere
668 3637 793 3701 neque
828 3617 925 3682 inde
960 3618 1035 3684 huc
1069 3624 1339 3685 transmearet
1394 3620 1458 3684 iarn
1493 3619 1575 3683 illud
1608 3619 1908 3684 manifestissimum
1943 3625 2006 3694 cst,
2045 3623 2082 3679 ut
2111 3629 2137 3666 ³⁰

433 3721 616 3806 quantitate
645 3721 960 3798 circumscribantur,
991 3745 1074 3808 quae
1108 3725 1224 3809 spatiis
1254 3725 1473 3789 continentur.
1519 3725 1545 3788 si
1570 3723 1733 3808 agnovisti
1765 3723 1906 3786 animam
1936 3721 2083 3796 localem,

434 3824 575 3890 concode
605 3846 803 3910 corpoream.
850 3825 901 3889 dic
933 3827 1026 3906 mihi,
1058 3849 1142 3891 anne
1174 3829 1246 3913 ipsa
1276 3829 1410 3909 gloriosi
1439 3829 1546 3892 anima
1575 3827 1793 3913 redemptoris
1821 3825 1923 3888 nostri
1952 3824 2085 3908 reliquit

382 3935 423 3994 46
434 3929 605 4008 mundum,
635 3928 764 4011 quando
792 3929 981 3993 conscendit
1011 3930 1051 3994 ad
1079 3930 1225 3994 caelum?
1272 3952 1334 4014 ego
1357 3943 1466 3994 autem
1492 3950 1531 3994 ne
1555 3931 1690 4014 angelos
1714 3929 1844 4014 quidem
1868 3927 1988 3992 locales
2012 3947 2084 3990 esse

280 4027 281 4030 '
434 4033 665 4110 dubitaverim,
699 4053 779 4117 quos
811 4039 935 4096 certum
965 4042 1016 4096 est
1044 4055 1129 4098 nunc
1157 4033 1188 4097 iu
1219 4034 1417 4098 caelestibus
1441 4034 1613 4109 contineri,
1642 4055 1727 4096 uunc
1754 4054 1814 4118 per
1836 4032 1923 4096 aeris
1947 4050 2083 4094 vacuum

434 4137 523 4210 ferri,
547 4155 631 4198 nuno
655 4134 695 4198 ad
720 4143 849 4199 terrena
872 4135 1006 4208 dimitti;
1031 4157 1110 4221 quos
1135 4158 1242 4201 sermo
1263 4137 1391 4200 divinus
1416 4136 1697 4201 ascendentes
1721 4143 1762 4200 et
1785 4134 2082 4200 descendentes
2112 4147 2136 4184 ³⁵

433 4240 466 4302 in
490 4238 693 4324 patriarchae
717 4239 842 4302 visione
866 4238 1037 4319 describit,
1069 4242 1124 4325 qui
1147 4240 1273 4325 utique,
1304 4240 1331 4304 si
1360 4241 1481 4304 locales
1511 4261 1576 4304 non
1607 4246 1718 4304 essent
1749 4248 1783 4303 et
1809 4239 1931 4337 ubique
1961 4241 2084 4317 esseut,

434 4390 755 4398 .——-—-.-v—-..-———
769 4390 845 4396 -—-·

536 4499 571 4552 22
589 4499 651 4552 Act.
670 4497 704 4556 ΙΙ.
723 4500 764 4552 31.
851 4499 885 4552 *29
904 4496 971 4552 Luc.
990 4497 1063 4563 XVI,
1081 4499 1123 4552 26.
1210 4499 1245 4552 35
1263 4498 1331 4552 Gen.
1351 4497 1479 4562 XXVIII,
1499 4500 1539 4552 12.

538 4640 688 4708 lipsumG
749 4640 900 4691 commercio
913 4639 947 4689 M
1003 4641 1102 4691 actione
1121 4637 1267 4706 miscemus]
1281 4639 1315 4688 M
1330 4639 1471 4704 (missimus
1483 4639 1621 4704 nonnulla),
1641 4640 1886 4691 actionesoimusG
1981 4639 2086 4706 2loqui

434 4727 482 4794 mc]
505 4729 635 4795 loquimur
655 4727 678 4776 G
773 4723 867 4792 meam]
890 4744 939 4778 om.
958 4727 992 4776 M
1083 4723 1155 4794 uero]
1179 4744 1227 4776 orn.
1249 4726 1272 4776 G
1404 4724 1422 4776 4
1444 4726 1631 4778 reminiscimur
1650 4725 1681 4775 Μ
1810 4724 1827 4776 5
1851 4727 2042 4777 reminiscentes
2062 4725 2085 4776 G

433 4814 469 4883 et]
489 4833 599 4882 quorum
617 4813 679 4864 odd.
695 4813 725 4875 G,
744 4813 848 4864 memini
861 4814 946 4878 compl.
959 4809 1056 4864 Hartol
1155 4812 1184 4863 11
1204 4811 1275 4880 ergo]
1294 4831 1342 4864 ora.
1356 4813 1390 4864 Μ
1450 4813 1653 4880 cogitacionisG
1750 4811 1782 4862 12
1802 4813 1869 4863 uitae
1882 4839 1913 4848 -
1927 4810 2037 4879 liberati]
2054 4813 2085 4874 0,

433 4905 512 4954 uitam
530 4928 563 4936 -
581 4901 705 4951 libertatis
725 4899 859 4965 (priorique,
876 4901 944 4951 uitae
963 4927 995 4934 —
1013 4900 1156 4951 libertatem
1175 4899 1257 4966 Lipa.)
1278 4899 1316 4962 M,
1338 4901 1407 4952 uitae
1427 4928 1458 4935 -
1477 4901 1603 4951 libertatis
1621 4899 1686 4950 coni.
1704 4898 1847 4948 Mommsen
1922 4898 2033 4949 nitrioris
2051 4897 2081 4948 M

436 4989 568 5056 (plerique,
591 4987 712 5038 nutrioris
730 4985 785 5036 cod.
805 4984 889 5036 Paria
907 5004 948 5036 nr.
968 4987 1058 5051 16340)
1178 4986 1211 5038 13
1230 4989 1309 5054 possit
1329 4988 1352 5037 G
1433 4989 1521 5040 uosG
1637 4986 1670 5038 1:·›
1692 5004 1784 5038 sensus
1801 5004 1862 5037 suos
1880 4983 1964 5052 uelut]
1983 5003 2031 5036 cna.
2049 4985 2087 5048 M,

432 5076 557 5142 probante
575 5072 733 5124 Mommseno
802 5074 950 5139 quadamG
1024 5070 1079 5139 aut]
1098 5091 1128 5125 ac
1147 5074 1176 5123 M
1291 5073 1323 5125 16
1347 5075 1501 5141 occupandis
1522 5075 1570 5138 G¹,
1588 5092 1654 5124 corr.
1732 5073 1800 5125 claui
1820 5073 1844 5123 G
1918 5069 1968 5138 aui]
1988 5089 2035 5122 om.
2055 5071 2089 5120 M

435 5159 466 5212 17
489 5162 560 5211 illurn
578 5161 611 5211 M
677 5157 770 5224 denuo]
794 5160 824 5210 de
843 5178 895 5210 uuo
914 5159 944 5209 M
1057 5158 1089 5210 18
1112 5168 1232 5212 morato
1253 5161 1301 5223 6¹,
1324 5169 1437 5212 morante
1459 5161 1498 5211 0²
1613 5157 1644 5209 19
1669 5156 1780 5225 rursum]
1805 5161 1897 5210 iterum
1916 5159 1949 5208 M
2021 5158 2087 5208 intra

434 5245 591 5314 exanimum]
617 5255 688 5299 extra
710 5247 825 5298 animum
846 5246 869 5297 G
957 5247 1021 5297 illuc
1039 5247 1073 5295 M
1156 5243 1234 5313 unda]
1257 5264 1285 5298 ss
1307 5247 1370 5297 odd.
1389 5246 1423 5296 M
1544 5245 1579 5296 20
1601 5242 1740 5311 tamquam]
1763 5263 1841 5312 quam
1861 5246 1884 5295 G
1973 5245 2087 5311 deposita

434 5335 583 5400 (depositam
602 5333 683 5400 arpa.)
702 5333 735 5383 M
859 5331 890 5383 21
915 5332 995 5399 unde]
1019 5351 1047 5385 so
1070 5333 1130 5384 add.
1151 5333 1192 5397 M,
1216 5351 1263 5384 orn.
1286 5333 1349 5384 Get
1366 5333 1437 5399 Lips.
1457 5333 1490 5382 M
1576 5333 1675 5384 absenti
1688 5331 1803 5395 {lauerat
1823 5334 1846 5383 G
1936 5328 1970 5395 et]
1993 5349 2041 5381 om.
2064 5331 2087 5381 G

433 5417 468 5472 22
485 5421 684 5472 contendissoG
735 5420 836 5488 ergoG
921 5417 956 5470 24
973 5416 1099 5487 patibulo]
1118 5422 1151 5486 cs.
1166 5419 1202 5472 Ol.
1216 5420 1358 5471 Mamertae
1376 5420 1463 5482 Has
1483 5419 1532 5484 (ed.
1547 5417 1716 5484 Mrpelbrecltt
1733 5436 1759 5483 p.
1774 5417 1828 5481 161)
1882 5415 1964 5484 extra]
1984 5417 2087 5468 intraG

433 5505 468 5558 ‘25
485 5509 619 5574 coniungit
636 5509 690 5559 uita
710 5507 733 5557 G
848 5504 882 5557 26
901 5507 922 5557 si
940 5503 979 5573 nt]
998 5507 1102 5558 sioutG
1120 5514 1143 5556 et
1160 5505 1231 5571 laps.
1245 5505 1279 5554 M
1396 5503 1428 5556 27
1448 5506 1544 5572 recepit
1564 5505 1601 5556 G'
1724 5503 1758 5554 28
1776 5505 1796 5554 si
1817 5531 1849 5540 -
1868 5501 1903 5555 30
1920 5499 2084 5565 transmeare]

434 5594 518 5644 attulit
539 5593 575 5644 Ol.
589 5595 732 5644 Mamertae
750 5593 809 5656 ΙΙΙ,
826 5599 842 5644 9
861 5593 910 5658 (ed.
929 5592 1098 5659 Enpelbreclrt
1111 5611 1140 5658 p.
1154 5591 1211 5655 169)
1341 5589 1375 5642 ‘29
1398 5609 1509 5644 umuum
1530 5591 1567 5642 cl.
1581 5590 1724 5641 Mamertus
1743 5591 1760 5640 l.
1775 5591 1791 5642 l.
1878 5590 1944 5640 illud
1966 5591 2046 5656 possit
2065 5589 2087 5639 G

434 5678 468 5730 3⁶2
486 5681 572 5730 anima
589 5681 694 5746 gloriosi
706 5679 740 5728 M
829 5677 862 5730 33
881 5681 1042 5731 consurrexit
1054 5679 1086 5728 M
1102 5679 1225 5743 (sun-exn
1238 5678 1320 5744 Lipc.)
1413 5676 1447 5730 34
1464 5674 1512 5744 est]
1526 5681 1612 5729 oncri
1671 5695 1752 5728 uacua
1766 5677 1795 5726 M
1888 5675 1921 5727 36
1936 5676 2089 5727 discribitG

435 5765 492 5835 qui]
510 5784 558 5818 om.
580 5767 603 5817 G
