4560 6434
426 411 488 478 326
1040 405 1179 466 RUlliOIl
1196 405 1454 464 EPISTULARUM

338 587 371 661 G
423 586 490 652 scio
507 586 604 668 enim,
628 585 845 651 exhortationi
866 585 1004 672 positam
1029 605 1103 649 essa
1123 584 1320 664 mercedem,
1343 583 1419 669 quia
1441 583 1594 668 legimus:
1617 583 1722 649 llere
1746 604 1829 649 oum
1852 581 2077 663 flentibus,

425 696 527 755 atne
558 691 643 756 forte
672 697 707 755 tu
737 691 770 754 in
801 689 921 756 iudicio
948 690 1089 755 diceres:
1125 688 1308 774 quaesivi
1339 688 1402 773 qui
1433 687 1552 752 simul
1583 707 1729 752 mecum
1759 688 2078 754 contristaretur

374 795 465 858 auat
491 815 565 859 non
592 795 682 878 luit,
714 801 752 860 at
774 795 1051 860 consolantes
1074 813 1132 858 mc
1155 799 1195 858 at
1216 813 1293 856 nen
1314 792 1459 858 inveni.
1504 792 1702 878 perfectiora
1723 812 1801 856 vero
1825 797 1924 878 atqua
1946 794 2073 858 maiora

424 897 458 960 in
481 897 648 983 scripturis
670 897 803 978 divinis,
832 896 920 962 unda
943 899 1008 962 ista
1029 894 1186 982 decerpta
1208 901 1296 976 sunt,
1325 895 1543 961 instrumenta
1564 896 1732 982 perquire,
1755 896 1782 960 si
1804 897 1854 960 vis
1877 903 1934 960 aut
1957 905 2078 984 coapta

423 1001 584 1088 perlicere
615 1007 673 1066 aut
703 1001 746 1065 ad
773 1002 918 1089 pollicita
947 1002 1131 1088 pervenire.
1180 999 1270 1065 dabit
1298 999 1359 1064 tibi
1387 999 1496 1064 taliter
1525 1000 1697 1085 quaerenti
1726 998 1873 1064 dominus
1900 1001 2075 1066 seientiam
2120 1016 2133 1053 ⁵

373 1105 414 1168 23
424 1105 548 1190 pariter
569 1111 602 1169 at
617 1105 780 1187 virtutem,
805 1109 840 1169 ot
863 1113 896 1170 et
917 1107 1004 1170 lecta
1018 1106 1192 1192 intellegas
1209 1113 1243 1170 et
1258 1105 1427 1170 intellecta
1443 1103 1618 1171 custodias.
1656 1125 1732 1169 narn
1747 1109 1841 1191 pater
1857 1104 2076 1192 orphanorum

425 1215 459 1274 et
481 1208 602 1273 arbiter
622 1207 794 1273 viduarum
818 1229 891 1274 eum
913 1215 946 1273 tc
970 1208 1011 1273 de
1034 1230 1069 1273 se
1091 1215 1218 1274 tantum
1243 1229 1376 1296 sperare
1400 1209 1624 1294 conspexerit,
1653 1213 1687 1272 et
1709 1209 1841 1295 pupillis
1864 1211 1928 1274 tuis
1952 1209 2077 1274 tribuet

423 1319 560 1400 paterna
581 1313 705 1399 pietate
728 1312 928 1398 praesidium
952 1321 985 1379 et
1007 1321 1041 1379 ta
1064 1315 1327 1380 remuneratione
1349 1313 1467 1379 iudicis
1490 1312 1649 1400 perducet
1672 1313 1715 1379 ad
1736 1315 1927 1400 praemium.

1201 1658 1294 1727 XVI.

579 1813 758 1879 DOMINO
784 1815 959 1881 SANOTO
983 1815 1041 1881 Er
1063 1813 1346 1880 APOS'I'OLIOO
1369 1813 1429 1879 AO
1452 1813 1558 1879 MIHI
1582 1813 1701 1879 PRAE
1725 1812 1915 1880 carnale
2104 1831 2132 1870 ιο

451 1918 499 1983 ΙΝ
522 1917 718 1983 OHRIS'PO
740 1918 920 1985 DOMINO
945 1917 1094 1984 OUL'I'U
1117 1916 1420 1991 AFPEOTUQUM
1443 1917 1746 1982 PMOULIARIUS
1769 1917 2048 1984 EXOOLENDO

534 2021 747 2088 PATRONO
770 2022 828 2088 ET
851 2023 1001 2089 PAPAE
1025 2022 1198 2088 AEONIO
1221 2020 1442 2087 EPISOOPO
1465 2021 1679 2087 RURIOIUS
1702 2021 1961 2088 EPISOOPUS.

394 2203 408 2261 l
528 2177 636 2270 Aura
663 2225 803 2292 paucum
832 2209 961 2290 tempus
993 2205 1120 2270 litteras
1150 2210 1281 2270 vestrae
1311 2204 1494 2268 sanctitatis
1521 2203 1648 2288 accepi,
1679 2203 1796 2288 quibus
1826 2205 1924 2270 etiam
1950 2203 1991 2270 da
2022 2205 2073 2270 iu-

422 2309 628 2376 officiositate
652 2310 735 2375 tanti
757 2309 921 2374 habuistis
944 2309 1155 2374 affectuosius
1179 2329 1395 2384 commouere,
1418 2307 1578 2374 dicentes:
1610 2308 1718 2372 nihil
1746 2308 1931 2374 caritate
1954 2331 2074 2396 prae-

392 2414 625 2479 2stantius.
681 2413 767 2500 quod
800 2435 862 2499 ego
895 2412 991 2478 valde
1023 2434 1137 2478 verum
1178 2435 1252 2478 esse
1286 2413 1438 2478 confirmo
1476 2419 1510 2477 et
1546 2410 1725 2476 secundum
1760 2414 1944 2499 apostolum
1981 2414 2073 2478 illam
2102 2429 2127 2467 ¹⁵

421 2517 592 2583 caritatem
615 2516 686 2582 dico
711 2538 785 2583 essa
808 2517 988 2604 perfectam
1017 2526 1051 2583 et
1079 2517 1269 2600 sublimem,
1302 2538 1386 2603 quae
1413 2516 1461 2583 de
1490 2515 1604 2582 corde
1629 2537 1723 2601 puro
1753 2522 1791 2580 et
1819 2516 2076 2582 conscientia

423 2622 522 2687 bona
550 2628 589 2687 et
616 2620 705 2686 fide
732 2642 809 2686 non
832 2622 940 2687 licta
961 2623 1172 2708 procedit,
1200 2644 1285 2709 quae
1307 2623 1401 2688 iuxta
1422 2620 1563 2687 eundem
1586 2620 1770 2708 apostolum
1796 2621 1963 2706 patiens
1994 2629 2074 2705 est,

422 2725 596 2810 benigna
627 2730 707 2806 est,
743 2745 847 2810 quae
877 2746 960 2790 nou·
983 2725 1176 2810 inflatur,
1206 2747 1282 2792 non
1312 2725 1548 2806 aemulatur,
1579 2745 1658 2788 nou
1689 2723 1846 2808 quaerit
1875 2744 1974 2809 qnae
2002 2745 2074 2790 sua

423 2835 527 2912 sunt,
569 2850 642 2894 non
675 2827 818 2914 gaudet
852 2849 970 2915 super
1003 2829 1248 2915 iniquitate,
1288 2828 1506 2916 congaudet
1542 2833 1678 2893 autem
1712 2827 1895 2909 veritati,
1937 2829 2075 2894 omnia

392 2933 561 3016 3credit,
584 2933 713 2998 omnia
736 2938 885 3019 sperat,
909 2932 1066 2999 atinde
1090 2939 1168 3017 est,
1196 2933 1300 3020 quod
1323 2952 1525 3019 numquam
1549 2931 1667 2997 cadit.
1712 2931 1868 3020 patiens
1892 2937 1966 3012 est,
1996 2933 2073 3018 quia
2102 2947 2129 2986 ²⁰

421 3043 534 3101 contra
554 3036 787 3123 temptationes
811 3037 936 3102 saeculi
951 3038 1005 3102 vel
1026 3038 1187 3123 procellas
1209 3039 1244 3102 in
1265 3036 1363 3103 deum
1385 3028 1496 3102 delixa
1517 3039 1642 3121 perstat
1664 3035 1851 3101 immobilis.
1894 3034 2074 3121 benigna

421 3149 500 3225 est,
522 3141 599 3231 quie
613 3143 835 3228 proximorum
852 3140 1052 3228 profectibus
1068 3141 1260 3210 delectatur.
1298 3164 1375 3208 uon
1391 3142 1586 3218 inflatur,
1609 3140 1687 3226 quia
1702 3160 1768 3204 nou
1783 3138 1932 3227 superbit
1946 3138 2072 3206 humili.

421 3267 496 3312 nou
528 3245 766 3328 aemulatur,
801 3246 876 3332 quia
908 3245 1056 3312 invidere
1091 3248 1196 3312 nescit
1231 3247 1371 3334 aequali.
1422 3267 1497 3311 non
1528 3244 1686 3332 quaerit
1716 3265 1818 3330 quae
1851 3264 1925 3308 sua
1960 3250 2072 3324 sont,

421 3348 498 3416 dum
521 3350 614 3415 iuxta
637 3347 760 3416 domini
783 3350 981 3416 seutentiam
1003 3350 1065 3416 sibi
1088 3352 1189 3417 etiam
1211 3351 1362 3416 minimos
1385 3350 1557 3437 anteponit
1580 3356 1614 3415 et
1640 3349 1776 3414 aliorum
1805 3346 1974 3412 commoda
2003 3348 2071 3412 sois

390 3459 583 3520 ‹tmereatur
608 3453 834 3520 incommodis.
884 3475 958 3519 non
986 3454 1132 3540 gaudet
1162 3475 1279 3541 super
1310 3455 1558 3542 iniquitate,
1589 3454 1666 3540 quia
1695 3452 1812 3518 laetari
1841 3451 1904 3516 nisi
1935 3451 2073 3517 fratrum
2101 3467 2127 3506 2⁵

419 3558 636 3644 prosperitate
668 3579 734 3624 non
767 3558 868 3623 novit.
924 3558 1141 3644 congaudet
1174 3566 1313 3625 autom
1347 3559 1529 3642 ueritati,
1563 3557 1640 3643 quia
1673 3557 1813 3622 amicum
1847 3557 1973 3620 sincera
2006 3576 2072 3620 non

419 3663 530 3727 fucata
552 3661 727 3727 dilectione
744 3668 921 3727 veneratur
942 3683 1004 3728 uec
1027 3662 1112 3728 falsa
1127 3662 1314 3728 adulatione
1331 3662 1521 3744 subsannat,
1546 3662 1604 3728 sed
1619 3682 1699 3728 vero
1714 3662 1835 3726 honore
1852 3661 2071 3726 concelebrat.

419 3766 548 3831 omnia
571 3765 717 3850 credit,
741 3766 817 3851 quia
832 3765 866 3830 in
882 3764 1044 3830 mandatis
1061 3766 1178 3833 divinis
1200 3768 1434 3854 promissisque
1450 3765 1593 3834 confidit.
1630 3772 1664 3831 et
1679 3764 1753 3831 ideo
1770 3765 1898 3831 omnia
1921 3773 2071 3850 speret,

419 3870 496 3955 quia
525 3890 584 3956 pro
613 3869 758 3934 minimis
781 3888 917 3956 magna,
947 3891 1006 3957 pro
1030 3869 1161 3936 caducis
1184 3878 1359 3958 perpetua,
1390 3892 1449 3957 pro
1472 3869 1705 3958 temporalibus
1730 3875 1866 3935 aeterna
1889 3868 1952 3933 sibi
1975 3868 2071 3934 retri-

388 3973 550 4039 5buenda
578 3995 642 4038 non
670 3973 816 4059 ambigit.
864 3993 1074 4059 numquam
1104 3972 1228 4057 cadit,
1263 3975 1340 4061 quia
1365 3973 1530 4038 humilitas
1565 3973 1688 4039 babere
1718 3994 1784 4037 non
1810 3979 1920 4060 potest
1947 3994 2069 4054 casum,
2099 3985 2126 4024 ³⁰

420 4098 494 4142 cnm
517 4076 641 4142 habeat
662 4097 793 4164 semper
813 4097 1002 4160 ascensum,
1034 4085 1068 4144 et
1096 4100 1170 4142 cum
1197 4079 1320 4165 iugiter
1346 4078 1480 4145 excelsa
1505 4077 1693 4162 meditetur,
1723 4077 1870 4143 habitare
1899 4084 2010 4142 tamen
2036 4077 2074 4148 in

419 4180 614 4245 sublimibus
637 4201 701 4246 non
718 4182 907 4268 praesumit.
946 4204 1020 4248 cum
1043 4184 1245 4248 conversatio
1267 4183 1338 4248 cius
1362 4183 1522 4248 habeatur
1544 4183 1705 4266 incaelis,
1728 4183 1801 4269 ipsa
1816 4188 1928 4247 tamen
1942 4180 2074 4246 videtur

418 4283 598 4349 adhaerere
626 4285 779 4366 terrenis,
810 4285 945 4350 excelsa
972 4307 1085 4372 opera,
1115 4292 1225 4352 mente
1252 4286 1395 4368 deiecta,
1424 4287 1551 4352 habens
1580 4285 1667 4353 unde
1696 4286 1853 4371 glorietur
1881 4286 1913 4350 in
1941 4284 2073 4368 domiuo¹

388 4391 479 4454 bueo
509 4395 620 4452 tamen
651 4389 831 4454 extollatur
858 4389 891 4452 in
921 4392 1061 4458 saeculo.
1111 4390 1208 4474 hace,
1243 4389 1320 4477 quia
1348 4391 1485 4473 iussisti,
1520 4390 1664 4456 seribere
1695 4411 1761 4455 non
1790 4410 1849 4475 pro
1886 4386 2069 4453 eruditione

416 4499 528 4558 nostra
552 4491 611 4557 sed
632 4513 692 4578 pro
715 4497 826 4558 vestra
848 4494 1036 4581 dignatione
1059 4497 1275 4583 praesumpsi.
1313 4502 1460 4562 vestrum
1482 4516 1561 4562 vero
1583 4502 1634 4560 est
1657 4516 1718 4560 uos
1742 4493 1880 4559 edocere
1901 4492 2010 4558 verbis
2034 4498 2068 4557 et
2096 4505 2122 4544 ³⁵
2195 4487 2197 4492 ’

416 4596 457 4662 ad
490 4597 588 4682 hane·
609 4594 748 4662 eandem
782 4599 949 4665 caritatem
982 4621 1161 4686 provocare
1196 4621 1327 4688 semper
1360 4601 1537 4688 exemplis,
1576 4599 1653 4686 quia
1687 4598 1834 4680 dilectio,
1873 4617 1957 4682 quae
1991 4600 2069 4660 ante

418 4701 635 4785 cognitionem
663 4707 777 4766 mutua
805 4703 891 4770 inter
920 4706 1073 4771 absentes
1104 4706 1294 4792 epistolario
1326 4706 1482 4771 inchoata
1516 4724 1665 4770 sermone
1695 4723 1825 4789 semper
1852 4708 1886 4767 et
1911 4700 1979 4766 fota
2008 4705 2068 4781 est,

417 4804 539 4871 debeat
561 4807 675 4892 augeri
699 4810 861 4896 corporali
884 4811 1010 4877 visione
1034 4833 1099 4876 non
1121 4812 1222 4876 minui
1246 4816 1280 4876 et
1302 4832 1451 4877 cresccre
1476 4809 1607 4892 intuitu,
1631 4829 1715 4895 quac
1739 4807 1847 4893 coepit
1869 4805 1980 4869 allatu.

519 5081 773 5147 lRom.Xll,15.
866 5083 946 5142 aas.
964 5084 1088 5152 LXVIII,
1106 5088 1148 5142 21.
1242 5088 1321 5142 cPs.
1340 5085 1450 5152 LXVII,
1469 5087 1492 5142 6.
1588 5086 1621 5140 16
1639 5083 1745 5142 111111.
1764 5081 1786 5149 I,
1803 5083 1829 5138 5.
1922 5079 1956 5135 17
1973 5079 2069 5135 I.Oor.

416 5165 492 5234 XIII,
510 5168 587 5223 4—8.
691 5169 726 5223 24
744 5170 844 5225 Matth.
864 5171 949 5238 XXV,
966 5173 1010 5228 40.

519 5325 534 5377 1
552 5329 597 5393 qui
618 5323 644 5378 G
747 5325 765 5379 2
782 5328 873 5382 diceris
893 5326 919 5380 G
1022 5328 1039 5382 4
1061 5332 1188 5398 discerpta
1210 5328 1236 5382 G
1339 5331 1435 5384 dlicta
1454 5328 1480 5382 G
1591 5330 1606 5383 V
1628 5331 1719 5383 tribuit
1737 5326 1763 5381 G
1873 5327 1890 5380 8
1907 5327 2023 5396 perducit
2042 5323 2068 5376 G

417 5411 449 5463 13
471 5414 567 5478 quilius
586 5411 612 5464 G
729 5411 762 5465 IV
781 5413 841 5482 tide]
859 5417 918 5469 licta
935 5436 1002 5469 corr.
1021 5419 1070 5469 lida
1090 5416 1132 5469 G¹
1249 5417 1282 5470 19
1306 5419 1440 5484 iniquitate
1460 5415 1485 5470 (l
1601 5414 1636 5468 20
1658 5415 1735 5483 cadit]
1752 5418 1827 5484 iasro
1845 5417 1862 5467 l.
1876 5417 1920 5478 30,
1942 5414 2016 5465 cadet
2035 5407 2070 5475 G,

415 5499 536 5638 qqqoiqietb<³
528 5499 626 5639 {1:¹qu
705 5500 737 5552 21
758 5513 869 5570 praestat
888 5500 914 5554 G
1017 5503 1051 5556 27
1069 5507 1158 5572 fugata
1176 5503 1201 5556 G
1270 5507 1394 5558 subsanet
1414 5503 1439 5558 G
1542 5503 1576 5557 36
1594 5500 1709 5570 eandam]
1728 5523 1745 5555 n
1763 5521 1784 5555 r.
1802 5505 1818 5554 l.
1833 5499 1875 5552 G¹
1944 5515 2026 5551 exem.
2040 5495 2066 5548 G
