4732 6436
487 379 546 429 LVI
1088 377 1294 432 PRAEFATIO
1315 378 1354 431 IN
1375 377 1548 432 FAVS'FVM

597 552 679 617 0616
703 553 843 646 Hermes
864 551 1170 618 aBaeterrcnsibus
1187 552 1361 638 episcopus
1379 552 1545 617 ordinatus
1561 552 1811 618 Narbonensem
1834 550 2009 615 ecelesiam
2032 555 2146 613 eontra

489 678 646 721 canonum
676 663 798 722 statuta
825 658 1044 743 suscepisset,
1068 665 1198 744 propter
1222 679 1295 722 eam
1318 678 1450 722 66666111
1475 657 1646 721 6666111661
1669 655 1793 720 Romae
1818 676 1846 718 a.
1863 657 1940 734 462,
1966 653 2017 718 616
2042 653 2144 717 natali

489 760 595 825 Hilari
618 783 734 848 papae,
758 763 777 826 i.
795 785 822 827 6.
851 766 899 826 17.
924 761 954 828 6.
971 761 1177 842 Novembris,
1202 762 1402 827 celebratum
1427 769 1488 826 est.
1534 761 1574 826 ai
1599 764 1670 849 ipso
1694 761 1807 826 Hilaro
1835 766 1921 824 teste
1945 759 2087 822 Faustus
2111 763 2145 822 ct

489 865 661 929 Auxanius
677 865 823 952 episcopi
840 865 1077 950 praesederunt
1096 865 1209 950 (0666.
1227 865 1312 930 Gall.
1330 866 1403 932 coll.
1420 865 1446 946 Ι,
1470 888 1500 952 p.
1518 865 1606 951 606),
1623 866 1725 949 legati
1741 863 1781 927 ad
1798 863 1909 928 sedem
1930 863 2144 949 apostolicam

489 991 507 1033 e
525 967 641 1033 Galliis
659 969 783 1049 directi,
800 989 936 1054 quorum
953 969 1088 1034 definita
1111 991 1196 1055 papa
1218 969 1420 1034 confirmavit
1438 971 1473 1050 (l.
1488 969 1509 1034 l.
1533 992 1565 1056 p.
1578 969 1666 1055 614).
1706 968 1872 1053 Sequente
1893 988 1978 1032 anno
2001 966 2144 1030 Faustus

489 1071 678 1137 interfuisse
702 1071 830 1136 videtur
852 1073 986 1158 synodo,
1011 1095 1095 1158 quae
1116 1072 1255 1138 Leontio
1278 1073 1486 1160 praesidente
1510 1074 1551 1138 ad
1575 1095 1708 1138 oausam
1725 1072 1876 1136 Mamerti
1893 1069 2144 1136 examinandam

488 1183 688 1261 congregata
711 1183 770 1241 est.
815 1175 848 1240 Is
865 1177 952 1241 enim
968 1175 1154 1242 Deensibus
1177 1178 1297 1258 invitis,
1322 1179 1376 1262 qui
1398 1177 1439 1242 ad
1463 1177 1664 1265 provinciam
1689 1178 1759 1241 eius
1780 1178 1912 1242 minime
1929 1175 2143 1262 pertinerent,

489 1279 678 1365 episcopum
706 1279 854 1344 ordinare
877 1288 1150 1368 praesumpserat.
1196 1281 1235 1345 In
1259 1282 1400 1368 epistula
1416 1281 1532 1362 Hilari,
1557 1302 1640 1366 quae
1664 1286 1765 1354 extat,
1789 1279 1905 1343 litteris
1930 1277 2143 1364 synodalibus

488 1383 717 1468 episcoporum
741 1382 985 1448 Gallicanorum
1007 1383 1184 1470 respondet
1205 1405 1290 1448 anno
1315 1387 1392 1466 464,
1425 1385 1478 1450 616
1503 1387 1554 1448 24.
1571 1385 1743 1450 Februarii
1767 1382 1864 1468 (0611.
1890 1383 1988 1448 0666.
2014 1381 2099 1447 Gall.
2115 1381 2143 1462 Ι,

457 1509 521 1574 „p
538 1485 616 1571 669)
640 1507 811 1572 nouusque
835 1492 888 1552 est
910 1488 996 1551 inter
1019 1489 1134 1572 viginti
1158 1487 1199 1551 ad
1223 1509 1304 1573 quos
1327 1488 1453 1553 directa
1477 1495 1526 1554 est
1550 1490 1721 1576 episcopos
1738 1488 1881 1552 Faustus
1904 1493 2023 1551 noster.
2070 1485 2144 1550 Non

444 1671 453 1680 .
489 1592 590 1655 multo
613 1596 688 1677 post
703 1597 814 1655 eontra
830 1590 1137 1678 praedestinationis
1155 1613 1299 1657 errorem
1315 1592 1505 1679 disputavit.
1550 1593 1645 1657 Hane
1662 1593 1749 1657 enim
1765 1591 1946 1656 doctrinam
1957 1590 1982 1673 ι)
1999 1589 2144 1654 Lueidus

458 1755 460 1760 ,
490 1695 664 1781 presbyter
686 1696 800 1781 procul
823 1695 920 1759 dubio
948 1694 1099 1759 Reiensis
1128 1694 1289 1761 dioecesis
1318 1693 1496 1784 6161666116
1515 1706 1582 1772 666,
1617 1718 1768 1762 66661666
1799 1695 1881 1760 alies
1907 1695 2072 1775 depredatos
2101 1693 2146 1756 661

466 1801 625 1876 66666666,
648 1797 729 1862 alios
750 1799 794 1863 acl
815 1800 913 1864 vitain
929 1800 1184 1882 praedestinatos
1207 1801 1251 1886 (p.
1268 1803 1342 1881 296,
1356 1801 1422 1887 28).
1473 1801 1579 1875 Quem
1603 1823 1676 1866 eum
1692 1801 1835 1866 Faustus
1859 1820 2019 1886 praesens
2041 1799 2144 1862 multo

489 1911 522 1968 et
543 1903 664 1968 blando
688 1908 721 1968 at
743 1903 856 1967 humili
880 1926 1030 1970 sermone
1054 1904 1095 1969 66
1119 1906 1205 1969 viam
1229 1906 1377 1969 veritatis
1401 1905 1558 1971 reducere
1582 1906 1705 1970 frustra
1727 1911 1937 1992 temptasset,
1959 1903 2000 1969 ab
2024 1902 2144 1968 oxhor-

489 2006 587 2071 tando
611 2029 650 2072 eo
678 2029 741 2072 non
769 2008 932 2072 desistens
956 2009 1081 2074 litteras
1105 2009 1147 2073 66
1170 2030 1243 2073 66111
1266 2008 1357 2074 dedit
1381 2007 1464 2094 (FA.
1487 2009 1635 2096 XVIII),
1665 2011 1783 2096 quibus
1808 2009 1883 2094 quid
1908 2030 1981 2074 oum
2005 2008 2145 2072 ccclesia

489 2110 649 2175 catholica
673 2112 793 2175 sentire
817 2111 953 2176 deberet
977 2133 1052 2176 eum
1075 2112 1196 2177 docuit.
1242 2112 1501 2198 1666616661,
1525 2112 1862 2194 61611666666616166
1887 2134 2005 2177 6666661
2026 2111 2144 2174 retineo

487 2212 524 2275 in
545 2219 698 2278 6661666666
717 2220 899 2280 sanctornm
913 2217 1103 2294 antistitem,
1127 2218 1157 2280 si
1172 2217 1219 2281 ita
1231 2238 1353 2281 neeesse
1366 2217 1476 2298 faerit,
1495 2218 1731 2301 proferentum.
1754 2240 1851 2300 paura
1866 2218 1896 2280 si
1910 2215 2144 2297 accipiendam

481 2317 646 2398 pintaoerit
667 2317 858 2398 fraternitas
879 2324 953 2397 tna,
983 2326 1042 2385 ant
1069 2321 1279 2401 subscriptam
1306 2343 1407 2386 1116611
1428 2324 1567 2403 propria
1593 2343 1666 2387 1666
1692 2323 1833 2386 remittat
1859 2326 1918 2384 ant
1943 2320 2144 2400 separent-ibas

487 2421 615 2501 scriptis
637 2423 763 2487 arrcnino
784 2445 817 2486 se
839 2424 1030 2504 improbasse
1051 2425 1245 2505 6666666661.
1282 2426 1367 2506 qaod
1388 2427 1418 2490 si
1440 2448 1509 2491 earn
1528 2427 1746 2506 srsbscriptara,
1769 2431 1806 2489 at
1828 2426 1906 2502 dicei,
1931 2423 2144 2487 transmittere

486 2525 636 2603 rwlaeris,
665 2532 772 2608 aperte
799 2532 828 2592 tc
850 2529 886 2593 in
912 2550 1016 2594 errore
1037 2531 1206 2611 persistere
1232 2531 1301 2611 ipso
1328 2529 1452 2595 silentio
1476 2531 1690 2612 conprobabis
1711 2551 1749 2594 ac
1765 2530 1902 2611 proiralc
1924 2530 1990 2592 iam
2012 2525 2144 2591 necessi·

488 2635 583 2695 tatem
608 2631 688 2695 arilei
714 2631 814 2712 facies
840 2633 885 2697 ad
905 2655 1075 2718 personans
1101 2640 1190 2699 taam
1211 2635 1352 2716 publicis
1377 2636 1578 2700 conventibus
1604 2636 1827 2716 exponemuset.
1873 2633 1953 2698 Itius
1978 2632 2142 2719 epistulae

488 2737 659 2822 exemplar
684 2737 756 2822 ipse
783 2738 902 2823 relegit
925 2744 959 2803 et
982 2739 1174 2825 subscripsit
1198 2739 1243 2825 (p.
1259 2742 1332 2818 296,
1348 2740 1390 2825 7).
1436 2741 1560 2805 Lucida
1590 2761 1666 2806 vero
1695 2741 1746 2804 his
1775 2737 2049 2803 admonitionibus
2078 2757 2144 2801 non

489 2846 634 2926 parente,
657 2841 832 2905 concilium
856 2844 896 2906 30
920 2843 1143 2929 episcoporum
1167 2851 1400 2929 congregatum
1424 2845 1457 2908 in
1478 2866 1556 2909 eum
1574 2845 1771 2910 sententiam
1788 2845 1872 2925 tulit,
1896 2848 1932 2906 ut
1948 2841 2143 2929 praeteritos

488 2964 615 3009 errores
640 2944 877 3010 condemnaret
906 2951 939 3010 et
967 2947 1136 3012 salutifera
1164 2947 1369 3033 professione
1399 2943 1435 3015 se
1459 2956 1617 3034 purgaret
1641 2948 1686 3036 (p.
1703 2950 1856 3030 296,17).
1899 2946 1990 3010 Tunc
2014 2945 2143 3009 demum

487 3048 625 3134 resipuit
653 3054 686 3114 66
708 3049 825 3114 11666116
850 3049 931 3134 (FA.
955 3050 1053 3136 XIX)
1078 3050 1120 3116 ad
1149 3053 1319 3139 episcopos
1343 3053 1428 3118 datis
1451 3053 1595 3118 recentia
1619 3058 1742 3116 statuta
1765 3051 1896 3115 concilii
1920 3048 2143 3136 comprobavit

488 3151 532 3237 (p.
550 3152 701 3238 296,19).
746 3153 970 3218 166611661666
994 3156 1039 3235 61,
1072 3161 1108 3220 66
1136 3156 1220 3220 61166
1243 3158 1516 3243 praetermittam,
1540 3157 1696 3221 Leontius
1719 3155 1938 3232 Arelatensis,
1962 3153 2143 3218 Mamertus

487 3255 701 3338 Viennensis,
736 3257 872 3323 Patiens
904 3259 1150 3344 Lugdunensis,
1187 3259 1330 3325 Faustus
1360 3261 1530 3341 Reiensis,
1564 3259 1711 3325 Graecus
1741 3259 1971 3338 Massiliensis,
2007 3256 2141 3336 016666,

487 3381 584 3445 quem
617 3359 877 3428 Nemausensem
915 3384 990 3428 esse
1026 3362 1218 3428 Sirmondus
1257 3366 1367 3431 voluit.
1425 3365 1520 3429 01166
1554 3385 1583 3430 6.
1612 3368 1674 3428 475
1710 3363 1880 3428 6666111616
1925 3368 2033 3427 666661
2068 3381 2143 3426 6666

488 3465 713 3548 66616661666,
743 3467 795 3532 vel
825 3467 932 3553 potius
964 3489 1028 3532 non
1059 3475 1131 3555 post
1161 3490 1189 3535 6.
1214 3472 1292 3550 486,
1327 3491 1389 3555 quo
1419 3471 1504 3533 inter
1533 3469 1667 3535 Arelate
1695 3467 1921 3552 aVisigotbis
1952 3471 2082 3552 captum
2110 3472 2143 3530 ct

486 3570 684 3655 Lugdunum
718 3572 948 3636 commercium
983 3573 1201 3660 interruptum
1241 3580 1305 3651 est;
1345 3573 1385 3638 cl.
1418 3575 1610 3655 Tillemont,
1649 3573 1818 3638 Mamoires
1838 3593 1874 3653 p.
1895 3593 1920 3635 s.
1944 3570 1966 3634 6
1994 3569 2143 3633 lbistoirc

486 3673 588 3740 666166.
611 3674 705 3756 XVI,
728 3699 758 3762 p.
776 3677 847 3739 423.
888 3675 958 3760 ligo
975 3677 1084 3762 potius
1104 3682 1179 3742 ante
1203 3698 1233 3743 6.
1254 3681 1316 3741 475
1340 3677 1372 3742 16
1394 3677 1595 3743 celebratum
1612 3698 1686 3741 esse
1704 3674 1874 3741 contendo.
1911 3673 2032 3738 016666
2057 3673 2142 3736 66161

488 3779 662 3865 opiscopus
687 3799 784 3863 quam
808 3778 875 3842 dixi
898 3779 939 3842 ab
956 3778 1077 3844 Euricc
1102 3780 1134 3843 in
1159 3779 1293 3844 exilium
1317 3781 1436 3846 missus
1461 3787 1540 3860 erat,
1565 3801 1639 3845 eum
1656 3778 1809 3844 Sidonius
1834 3777 2008 3865 epistulam
2031 3775 2141 3854 VII,6

487 3882 616 3968 scripsit
643 3880 687 3968 (p.
718 3886 788 3962 110,
813 3881 880 3967 11),
916 3882 971 3946 ubi
1004 3889 1135 3969 praeter
1167 3884 1341 3949 Leontium
1377 3892 1410 3949 66
1444 3884 1608 3949 Graecum
1643 3883 1800 3948 Faustum
1835 3902 1963 3967 quoque
1997 3879 2143 3944 laudavit

487 3985 532 4072 (p.
552 3989 702 4067 11614).
748 3985 832 4052 Ε616
856 3994 931 4051 6666
947 3987 1130 4052 Arvernam
1153 3989 1268 4053 urbem
1292 4010 1320 4054 6.
1338 3993 1474 4072 stipant
1496 3988 1661 4076 captam²)
1685 3987 1855 4052 aSidonio
1877 3987 1987 4050 datam
2008 4005 2082 4048 esse
2099 4005 2142 4048 ex

486 4090 538 4154 his
562 4091 671 4155 verbis
694 4091 909 4176 intellegitpr:
932 4097 969 4156 at
991 4091 1160 4173 episcopali
1182 4093 1381 4158 ordinatione
1397 4093 1555 4177 paraisse
1571 4092 1707 4174 66666166
1732 4091 1928 4168 Galliarum,
1956 4087 2143 4169 questiones

490 4193 642 4259 Gothicae
672 4195 767 4258 sortis
788 4194 966 4273 irrclascrit,
996 4201 1157 4261 teneamus
1183 4219 1221 4262 cn
1246 4197 1323 4278 fids,
1354 4198 1412 4261 etsi
1442 4218 1506 4263 non
1534 4203 1673 4261 6666116166
1701 4218 1740 4260 ee
1765 4195 1895 4276 foedae.
1947 4191 2077 4256 Foedus
2109 4189 2141 4254 id

487 4297 618 4362 videtur
645 4287 745 4380 esse?
765 4299 851 4384 quod
874 4300 1097 4366 intercedente
1118 4299 1304 4388 Epiphanio
1328 4303 1482 4388 episcopo
1506 4323 1535 4367 6.
1553 4305 1614 4366 474
1638 4303 1722 4365 16661
1745 4299 1907 4385 Nepotem
1932 4302 1965 4361 et
1987 4296 2141 4360 Eurieum

487 4409 619 4489 pactum
642 4409 709 4478 est;
734 4403 774 4468 61.
791 4403 832 4468 V.
849 4403 991 4490 Epiiani,
1017 4403 1067 4470 ed.
1084 4404 1192 4490 Vogel
1216 4428 1248 4492 p.
1265 4409 1315 4486 95,
1329 4408 1380 4470 28.
1426 4406 1464 4469 16
1489 4406 1626 4470 66661116
1650 4405 1706 4469 1116
1731 4425 1813 4489 quae
1830 4403 1959 4489 publico
1976 4399 2142 4484 disputata

487 4514 581 4572 erant
609 4506 752 4572 Faustus
784 4508 992 4573 conscribere
1025 4510 1133 4574 iussus
1164 4531 1183 4574 a
1210 4510 1348 4575 Leontio
1382 4510 1483 4576 edidit
1519 4509 1560 4574 de
1592 4511 1697 4594 gratio
1725 4509 1778 4573 dei
1811 4515 1843 4572 et
1875 4507 1978 4570 libero
2006 4503 2140 4568 arbitrio

486 4612 587 4677 libros
626 4611 707 4677 duos
737 4612 877 4698 (Migne,
904 4612 1093 4698 Patrologia
1115 4614 1234 4678 Latina
1256 4614 1380 4694 LVIII,
1404 4636 1435 4700 p.
1458 4613 1652 4698 783-836).
1707 4612 1858 4700 Flpistula
1887 4611 1927 4675 ad
1957 4609 2140 4685 Leontium,

486 4737 583 4801 quam
606 4717 778 4801 praemisit
801 4715 926 4802 (Migne
950 4719 969 4782 l.
986 4719 1005 4784 l.
1029 4741 1060 4804 p.
1075 4719 1166 4803 635),
1197 4720 1242 4782 166
1265 4719 1392 4805 incipit:
1426 4719 1517 4801 Quod
1536 4741 1600 4799 pro
1630 4718 1842 4782 sollicitudine
1862 4715 2032 4798 pastorali,
2056 4714 2142 4777 beate

481 4825 576 4901 pater
602 4821 729 4898 Leonti,
760 4821 797 4885 in
824 4821 1058 4887 condemnando
1080 4823 1385 4904 praedestinationis
1412 4844 1517 4887 errore
1545 4823 1712 4887 amicitiara
1738 4841 1931 4886 srsrnmornrn
1959 4818 2142 4882 antistitaret

485 4923 707 5005 casprepastis,
737 4926 896 4990 universis
920 4925 1104 4991 Galliarum
1131 4927 1268 4992 eeclesiis
1287 4928 1507 5009 praestitistis.
1555 4929 1736 5010 66666616
1764 4927 1808 4991 ad
1834 4925 2031 5002 ordirnrnrta,
2061 4945 2143 5005 qnae

485 5025 649 5091 solatione
670 5028 803 5109 publica
831 5029 1007 5094 doctissimo
1033 5031 1229 5110 protulistis,
1264 5053 1390 5112 operans
1420 5032 1559 5111 infirmis
1586 5031 1727 5096 trameris
1756 5053 1926 5112 eararnpne
1954 5028 2141 5103 rrrrrrulastis‚

478 5151 600 5211 666666
622 5137 751 5196 carretae
773 5133 1003 5198 existimationi
1028 5139 1149 5200 restrae
1170 5135 1385 5199 concaluistis.
1431 5134 1576 5199 Desinit:
1609 5136 1651 5199 In
1673 5157 1734 5216 qno
1754 5135 1879 5215 quidem
1902 5131 2051 5212 opusculo
2066 5135 2142 5211 post

484 5233 683 5298 Arelatensis
717 5236 843 5300 eorwilii
873 5237 1140 5319 subscriptionem,
1174 5237 1264 5301 nocis
1297 5237 1455 5303 erroribus
1489 5239 1703 5319 deprebensis,
1738 5239 1825 5302 adici
1859 5236 1970 5318 aliqua
2003 5234 2142 5318 6666666

591 5494 611 5563 ¹)
634 5494 675 5548 De
699 5511 733 5549 ea
757 5495 790 5549 61.
810 5496 896 5562 Bam,
921 5496 1099 5565 Vorlesnnpen
1123 5496 1187 5552 tiber
1210 5495 1251 5551 dia
1275 5495 1420 5552 christliche
1438 5495 1698 5566 Dopracnpsscbiclsts
1722 5496 1746 5560 l,
1765 5496 1795 5559 2,
1821 5512 1847 5564 p.
1863 5493 1915 5548 372
1925 5511 1997 5562 sqq.;
2025 5493 2141 5562 Herzog,
2194 5552 2198 5559 ¹

485 5579 771 5651 Rau-anapaestus
789 5584 855 5638 VIII
861 5590 879 5649 ¹,
898 5602 925 5652 p.
935 5584 995 5639 786.

590 5671 611 5737 ²)
630 5668 669 5725 Cf.
690 5669 828 5735 Iordanes,
848 5671 1058 5739 6661666246.
