4560 6434
768 421 932 490 LIBERE,
954 421 1021 481 XIII
1038 423 1054 493 ἕ
1072 425 1089 480 3
1107 455 1139 462 -
1158 421 1210 481 XV
1227 423 1244 494 θ
1261 425 1286 480 3.
1785 427 1846 493 323

204 603 266 668 nisi
289 603 420 670 diabolo
443 603 566 688 utique,
591 601 646 687 qui
668 602 860 668 delictorum
884 607 917 666 et
936 602 1086 666 incentor
1102 605 1154 664 est
1169 606 1203 664 et
1220 598 1365 665 delator?
1402 601 1475 686 ipse
1493 601 1588 680 eninr,
1613 607 1648 664 ut
1663 622 1849 688 peccemus,
1906 606 1939 679 G

204 709 351 794 instigat,
380 708 467 795 ipse,
497 729 571 771 cum
597 707 857 792 peccaverimus,
888 711 1031 771 accusat.
1077 711 1111 768 et
1137 705 1212 770 ideo
1235 705 1268 770 in
1291 705 1498 770 confessione
1523 706 1690 770 criminum
1712 729 1732 771 a
1754 709 1849 773 uobis

203 813 431 899 praeveniatur
452 813 486 876 in
510 811 654 894 saeculo,
677 819 713 876 ut
737 817 851 876 contra
873 831 933 875 nos
956 831 1023 875 uon
1046 810 1167 874 habeat
1190 808 1275 894 quod
1297 810 1442 896 proferat
1465 811 1498 875 in
1520 810 1640 875 futuro.

982 1121 1076 1188 XIV.

166 1297 177 1335 ⁵
232 1277 521 1347 suavissimis
544 1276 602 1342 ΕΤ
625 1278 674 1342 ΙΝ
698 1276 893 1344 CHRISTO
917 1276 1289 1344 VENERABILIBUS
1311 1277 1567 1343 FRATRIBUS
1591 1277 1828 1344 FOEDAMIO

484 1381 542 1447 ΕΤ
564 1381 721 1448 VILICO
744 1380 1054 1496 Pnusssvvaffls
1078 1381 1295 1447 RURIOIUS
1318 1381 1575 1449 Episcopus,

311 1499 505 1610 ernnraar
533 1529 662 1594 litteras
690 1528 901 1594 fraternitatis
926 1534 1056 1594 vestrae
1084 1549 1145 1614 per
1171 1528 1403 1595 subdiaconem
1427 1527 1658 1618 contemptum
1686 1552 1751 1595 non
1779 1551 1854 1617 per·
1888 1537 1901 1594 1

206 1637 359 1724 ceperim,
382 1642 492 1700 tamen
516 1635 575 1698 lias
599 1653 661 1718 ego
685 1654 723 1697 ac
746 1633 934 1720 peripsum
950 1631 991 1696 ad
1007 1652 1075 1714 vos,
1098 1633 1218 1698 affectu
1233 1635 1420 1720 instigante,
1443 1634 1558 1717 direxi,
1582 1642 1619 1700 ut
1640 1641 1674 1700 et
1688 1634 1852 1700 desiderio

133 1809 140 1826 ἱ
208 1741 433 1806 satisfacerem
449 1745 483 1802 et
504 1736 666 1802 scribendi
689 1735 924 1822 aditumiprius
945 1736 1033 1821 prior
1055 1742 1169 1822 utpote
1191 1737 1425 1822 patefacerem,
1448 1760 1490 1804 ne
1513 1739 1547 1803 in
1569 1743 1739 1824 posterum
1761 1740 1853 1802 locus

155 1861 180 1914 ¹⁰
206 1845 445 1929 relinqueretur
476 1841 678 1924 excusationi
709 1848 743 1905 et
773 1861 825 1905 rea
846 1840 1026 1905 voluntatis
1056 1838 1257 1905 diffidentiae
1284 1848 1318 1906 et
1340 1840 1558 1908 verecundiae
1583 1863 1657 1907 esse
1682 1843 1854 1910 diceretur.

209 1950 349 2014 salutem
371 1949 481 2032 itaque
505 1946 538 2010 in
564 1944 694 2010 Christo
718 1944 848 2010 domino
871 1945 1045 2030 plurimam
1068 1943 1140 2009 dico
1164 1944 1361 2010 beatitudini
1383 1953 1514 2011 vestras
1537 1953 1571 2010 et
1591 1968 1704 2035 spero,
1731 1954 1769 2010 ut
1791 1968 1854 2026 me,
1887 1949 1907 2009 2

207 2052 292 2118 sicut
327 2052 422 2117 decet
456 2049 697 2115 ecclesiasticos
724 2049 828 2129 viros,
862 2070 928 2113 non
959 2048 1055 2114 labiis
1094 2048 1154 2114 sed
1187 2049 1283 2114 corde
1314 2049 1455 2134 diligatis
1489 2057 1522 2116 et
1555 2050 1597 2116 do
1630 2071 1683 2114 me
1716 2051 1852 2116 caritate

209 2157 350 2242 (sincera
372 2154 457 2220 malo
482 2175 578 2240 quarn
595 2153 747 2238 pristina)
771 2152 882 2218 dicere
897 2153 1131 2238 praesumatis;
1155 2154 1242 2238 quia,
1266 2154 1295 2219 si
1310 2154 1367 2219 illa
1382 2154 1501 2219 fuisset
1516 2175 1607 2235 vera,
1629 2160 1856 2241 permanserat

209 2268 256 2342 et,
286 2262 313 2325 ai
330 2260 453 2325 fuisset
475 2264 602 2340 mutua,
632 2263 758 2322 mutata
780 2278 847 2322 non
869 2257 986 2322 fuerat.
1031 2279 1051 2321 a
1073 2258 1166 2322 cuius
1189 2264 1299 2322 tamen
1322 2257 1421 2323 fuerit
1445 2264 1537 2344 parte
1560 2265 1700 2338 mutata,
1723 2265 1756 2322 et
1779 2279 1856 2323 con·
1888 2261 1907 2321 3

156 2380 181 2416 1⁵
209 2365 367 2430 scientiae
398 2369 529 2430 nostrae
556 2362 708 2428 noverint
736 2369 770 2426 et
798 2361 1071 2425 conscientiarum
1095 2362 1244 2447 cognitor
1267 2362 1338 2426 sine
1361 2367 1524 2426 assertore
1546 2362 1728 2447 cognoscit,
1758 2383 1856 2447 quem

210 2490 271 2556 ego
295 2475 414 2534 testem
437 2468 578 2533 adhibeo
601 2466 797 2552 professioni
821 2487 926 2547 meae,
948 2486 1011 2530 nec
1035 2465 1075 2530 de
1098 2466 1191 2530 initio
1215 2465 1390 2530 simultatis
1413 2487 1465 2530 mo
1489 2486 1563 2531 ease
1580 2467 1778 2553 culpabilem
1794 2487 1856 2532 nec

208 2574 241 2638 in
264 2573 360 2638 corde
382 2593 456 2638 rneo
477 2571 553 2636 inde
577 2557 728 2656 quicqi'rid
751 2577 860 2635 actum
883 2575 933 2634 est
953 2569 1115 2634 dictumve
1131 2569 1304 2650 resedisse,
1327 2570 1403 2656 quia
1419 2571 1485 2636 scio
1501 2573 1595 2636 nobis
1612 2573 1653 2637 ab
1671 2578 1805 2637 aeterno
1821 2577 1854 2635 et

208 2701 287 2745 vero
310 2679 417 2744 iudice
441 2677 574 2758 dictum,
598 2675 685 2762 quod
708 2677 771 2741 nisi
795 2674 953 2742 err-corde
969 2674 1187 2740 dimiserimus
1203 2674 1369 2757 fratribus,
1396 2675 1492 2740 nobis
1509 2675 1628 2740 dimitti
1644 2696 1710 2739 non
1726 2675 1857 2742 debeat.

209 2783 339 2848 habetis
364 2782 487 2866 itaque·
503 2782 713 2867 sponsionem
742 2777 864 2862 meam,
896 2778 1024 2846 reddite
1056 2780 1136 2845 mihi
1158 2779 1255 2845 iidem
1277 2787 1436 2861 vestram,
1466 2781 1544 2865 quia
1565 2780 1598 2843 in
1621 2781 1763 2866 epistula
1784 2800 1858 2844 mea
1889 2785 1908 2842 4

156 2901 183 2941 20
208 2887 323 2974 procul
345 2884 445 2951 dubio
461 2886 625 2950 vinculum
641 2883 728 2970 quod
744 2884 910 2969 elegeritis
930 2883 1094 2949 habebitis
1111 2884 1337 2966 sinceritatis,
1362 2882 1448 2969 quod
1466 2882 1642 2948 salubriter
1657 2882 1858 2968 constringat

211 2999 244 3057 et
267 2989 446 3069 custodiat,
471 2996 528 3054 aut
550 2989 726 3076 perfidiae,
749 2989 836 3074 quod
859 2989 1067 3075 culpabiliter
1089 2988 1235 3054 innectat
1259 2995 1293 3054 et
1315 2988 1441 3075 perdat.
1486 3009 1548 3053 nec
1570 2989 1649 3052 mihi
1671 2988 1795 3074 aliquid
1817 2987 1857 3052 de

211 3095 332 3162 iudicio
354 3094 471 3181 prioris
495 3095 651 3180 temporis
674 3094 851 3181 imputetis,
880 3094 958 3179 quia
981 3092 1178 3158 definitionis
1201 3113 1295 3158 meae
1319 3099 1371 3158 est
1392 3093 1425 3157 in
1441 3093 1598 3158 amicitiis
1622 3113 1755 3158 servaro
1777 3113 1855 3156 con-

211 3199 355 3265 cordiam
378 3204 412 3264 et
435 3199 468 3262 in
491 3198 622 3264 iudiciis
644 3204 758 3264 tenere
782 3219 962 3264 censuram.
1007 3196 1088 3262 illud
1112 3199 1211 3264 ctiam
1234 3198 1433 3285 peculiarius
1456 3194 1601 3282 gaudeo,
1630 3196 1716 3282 quod
1738 3217 1798 3261 vos
1824 3198 1858 3260 in
1891 3200 1910 3260 5

212 3306 373 3389 integram
396 3302 505 3367 domni
529 3309 563 3368 et
584 3302 785 3381 fratrisrmei
806 3302 1062 3367 familiaritatem
1086 3301 1211 3368 redisse
1235 3301 1385 3387 cognovi.
1424 3308 1585 3387 superest,
1608 3307 1645 3365 ut
1666 3300 1753 3386 quod
1772 3299 1859 3364 illius
1937 3321 1938 3326 ¹

158 3423 183 3463 ²⁵
209 3410 242 3474 in
265 3410 351 3474 bono
374 3407 488 3472 tribuit
511 3407 626 3493 gratia,
649 3411 761 3471 vestra
782 3407 815 3470 in
837 3404 968 3470 domino
992 3405 1155 3471 custodiat
1176 3404 1369 3491 insequclla.

1860 2633 1885 2693 1

995 3715 1073 3784 XV.

290 3871 500 3939 DOMINAE
523 3869 807 3938 VENERABILI
829 3872 888 3938 ΕΤ
910 3872 959 3938 IN
982 3871 1178 3938 CHRISTO
1200 3871 1381 3938 DOMINO
1403 3870 1785 3937 MAGNIFICANDAE

552 3976 707 4042 FILIAE
731 3976 995 4044 OERAUNIAE
1021 3977 1236 4043 RURIOIUS
1259 3973 1517 4042 EPISCOPUS.

318 4095 386 4192 Ur
408 4126 569 4212 pictorem
591 4124 684 4190 vobis
707 4129 805 4191 antea
827 4146 892 4191 non
915 4128 1188 4207 transmitterem,
1216 4125 1299 4192 haec
1323 4147 1376 4192 res
1400 4125 1492 4207 fecit,
1521 4125 1598 4211 quia
1621 4124 1763 4191 adventu
1785 4124 1862 4189 novi
1897 4127 1909 4188 l

159 4245 184 4284 ³⁰
210 4228 326 4295 iudicis
349 4235 382 4293 te
406 4233 599 4314 occupatam
623 4249 696 4293 esse
720 4229 844 4295 credidi
866 4237 964 4317 atque
987 4231 1033 4296 ita
1055 4229 1260 4311 deterritam,
1289 4236 1326 4294 ut
1352 4228 1394 4294 de
1425 4229 1476 4294 his
1503 4230 1602 4295 rebus
1631 4229 1774 4314 cogitare
1797 4250 1862 4293 non

211 4353 341 4420 posses;
366 4330 424 4398 sed
440 4332 517 4417 quia
539 4331 600 4396 deo
622 4333 763 4419 propitio
787 4353 845 4398 vos
869 4339 902 4399 et
923 4334 1042 4400 litteris
1065 4342 1099 4400 et
1122 4335 1280 4401 relatione
1303 4340 1485 4400 vestrorum
1510 4355 1552 4399 ex
1576 4335 1740 4400 sententia
1762 4354 1861 4418 agere

212 4459 250 4502 ac
273 4437 382 4502 valere
406 4435 554 4522 cognovi,
578 4435 776 4503 salutatione
798 4438 955 4524 praelata,
983 4440 1154 4525 pictorem,
1182 4437 1362 4525 quamlibet
1384 4438 1437 4502 hio
1459 4443 1550 4503 esset
1573 4444 1761 4524 occupatus,
1791 4458 1864 4501 cum

212 4539 371 4626 discipulo
395 4538 571 4621 destinavi,
599 4541 675 4626 quia
697 4543 797 4607 malui
820 4565 914 4609 meae
938 4543 1112 4610 detrahere
1133 4544 1341 4625 necessitati,
1372 4541 1459 4608 unde
1482 4549 1613 4608 vestrae
1637 4542 1862 4607 satisfacerem

211 4644 371 4734 petitioni.
410 4643 469 4709 sed
492 4643 569 4729 quia
592 4651 626 4710 et
648 4647 850 4732 propositum
872 4654 1018 4712 vestrum
1042 4654 1075 4712 et
1090 4654 1238 4712 nostrum
1253 4647 1360 4733 poscit
1376 4646 1526 4727 officium,
1550 4645 1601 4710 his
1617 4645 1863 4711 venerationem
1895 4646 1914 4706 2

160 4764 185 4804 ³⁵
212 4754 356 4814 vestram
382 4747 497 4835 paucis
527 4768 659 4813 monere
688 4737 908 4836 praesumpsi,
939 4758 974 4816 ut
1001 4773 1045 4817 ex
1073 4771 1173 4838 opere
1205 4751 1291 4815 illius
1323 4749 1365 4816 ad
1387 4748 1549 4835 agendam
1572 4749 1806 4836 paenitentiam
1829 4755 1865 4815 et

212 4874 297 4919 nova
324 4853 399 4917 novi
428 4851 567 4917 hominis
595 4853 795 4920 vestimenta
824 4854 985 4920 sumenda
1014 4856 1126 4942 capias
1156 4856 1358 4942 exemplum,
1391 4875 1454 4940 quo
1481 4853 1610 4919 facilius
1639 4854 1672 4917 in
1701 4860 1735 4919 te
1757 4852 1865 4918 Adam

211 4963 361 5022 vetustus
390 4956 533 5021 intereat
561 4963 595 5022 et
622 4958 802 5024 vivificator
829 4965 1000 5045 exsurgat;
1030 4958 1303 5047 quemadmodum
1334 4959 1391 5025 ille
1420 4958 1564 5047 parietes
1590 4957 1689 5023 variis
1720 4958 1865 5023 colorum
1896 4959 1915 5020 3

319 5198 353 5252 18
369 5197 455 5254 Marc.
473 5197 522 5263 XI,
539 5199 581 5254 26.

316 5337 332 5390 1
350 5339 545 5392 delectorumfi
639 5337 799 5408 2instingat
813 5340 853 5391 (ἶι
946 5338 1223 5395 'isubsidiaconemG
1281 5338 1472 5394 contimtumG
1528 5335 1693 5406 perceperim]
1708 5337 1867 5405 IAr'ljolrcaa‚

212 5425 408 5493 percipercmG
511 5425 529 5478 8
547 5427 647 5494 ergoG
749 5425 898 5478 9scibendi
915 5429 1031 5481 auditum
1045 5429 1123 5496 (corr.
1136 5431 1234 5481 aditum
1250 5426 1344 5492 096
1441 5423 1473 5477 11
1492 5425 1642 5493 plurimsrG
1740 5423 1773 5477 13
1788 5425 1866 5478 mallo

214 5518 267 5578 qua
280 5512 311 5577 G,
329 5513 356 5563 in
369 5513 481 5578 alloquio
496 5513 616 5564 Oenidae
709 5511 742 5565 14
759 5512 857 5580 mutua]
871 5513 1030 5582 Littjoboan,
1048 5517 1182 5570 mutataO
1276 5516 1309 5567 16
1327 5513 1491 5568 simulatisG
1584 5509 1617 5563 1⁷
1635 5510 1705 5578 inde]
1718 5512 1868 5576 Momm,

213 5599 289 5649 uad
392 5597 426 5649 18
443 5599 658 5652 demiserimusG
760 5597 795 5650 24
811 5599 909 5666 domni]
927 5602 951 5651 0
1054 5601 1089 5655 25
1106 5604 1242 5668 insequilla
1257 5603 1280 5654 G
1292 5621 1345 5670 pro
1363 5599 1503 5666 obsequela
1605 5596 1639 5650 23
1658 5589 1867 5667 magnificandae

212 5701 279 5735 corr.
298 5685 484 5760 magnificande
504 5685 540 5736 0¹
674 5684 709 5739 29
732 5705 774 5740 res
796 5685 867 5754 fecit]
886 5688 1009 5755 Boranga
1027 5691 1101 5756 roni,
1125 5691 1258 5743 refecitG
1385 5687 1421 5742 30
1442 5687 1554 5739 credid
1684 5685 1717 5738 31
1741 5688 1868 5755 possiaG

212 5768 247 5821 32
264 5767 335 5838 curn]
353 5769 456 5821 sumti
558 5768 593 5822 34
610 5773 740 5840 petitionis
760 5773 784 5826 G
887 5771 920 5825 37
939 5775 1037 5828 interea
1058 5779 1081 5830 0

1602 5893 1659 5948 41·
