4560 6434
417 397 478 459 306
1031 393 1169 448 aaaron
1187 391 1445 448 EPISTULARUM

332 572 366 643 G
418 588 555 653 quorum
580 569 763 634 recolentes
787 570 918 634 nomina
941 589 1117 655 sequamur
1140 569 1293 655 exempla
1316 573 1350 633 et
1373 586 1483 632 eorum
1506 568 1539 632 in
1562 587 1622 631 nos
1645 566 1802 631 uocabula
1830 566 2065 631 transferentes

415 672 532 736 merita
564 673 770 739 conferamus
800 679 898 761 atque
929 696 971 740 ex
999 675 1142 759 ipsorum
1175 673 1275 759 gestis
1305 671 1477 757 magnifica
1503 690 1651 757 quaeque
1674 676 1709 734 et
1730 670 1869 734 honeste
1892 674 2066 756 carpentes

417 776 504 840 vitae
527 783 656 842 nostrae
680 777 803 842 utiliter
825 784 1015 865 coaptemus
1039 785 1073 844 et
1095 779 1273 844 serviamus
1293 777 1387 844 nobis
1410 777 1443 842 in
1467 778 1604 842 caritate
1626 775 1776 854 candida,
1801 797 1863 840 non
1880 776 2066 842 adulatione

415 879 541 961 fucata,
578 880 848 966 studeamusque,
885 883 969 969 quod
1007 885 1039 947 in
1069 883 1222 949 amicitiis
1250 883 1378 947 illorum
1410 886 1582 968 poetarum
1611 881 1738 945 falsitas
1766 880 1874 961 finxit,
1908 880 1941 944 in
1973 879 2066 944 nobis

415 985 596 1050 animorum
619 985 740 1051 veritas
763 994 915 1071 peragat,
939 993 990 1068 ut,
1014 985 1089 1051 dum
1113 987 1231 1051 imitari
1254 985 1403 1050 videmur
1430 985 1579 1071 antiqua,
1610 985 1831 1070 relinquamus
1855 983 2012 1049 imitanda
2033 989 2068 1049 et
2109 999 2121 1035 ⁵

365 1091 384 1150 5
417 1089 579 1154 seniorum
603 1090 690 1154 facta
712 1089 886 1155 laudantes
910 1092 1080 1155 laudemur
1101 1111 1121 1154 a
1144 1092 1295 1178 posteris.
1340 1090 1421 1154 haec
1444 1109 1533 1174 ergo,
1558 1089 1688 1154 domine
1703 1089 1758 1170 mi,
1781 1089 1912 1153 flamma
1927 1089 2067 1176 pectoris

416 1195 495 1273 mei,
526 1193 732 1280 persuasioni
761 1199 837 1258 tuae
870 1215 967 1279 quam
999 1179 1218 1260 eonscientiae
1250 1215 1344 1260 meae
1376 1193 1517 1280 amplius
1550 1192 1704 1270 credens,
1734 1193 1849 1278 gerulo
1878 1192 2066 1274 festinante,

414 1298 557 1362 breuiter
579 1299 763 1385 cursimque
787 1298 922 1363 dictavi:
947 1320 1029 1384 quae
1052 1299 1172 1386 peritia
1194 1305 1250 1365 tua
1273 1305 1307 1365 et
1329 1297 1477 1387 probitas
1500 1303 1566 1378 tua,
1591 1297 1619 1360 si
1642 1297 1737 1362 amici
1754 1296 1970 1362 verecundiae
1987 1315 2066 1361 con·

418 1403 506 1483 sulit,
529 1407 586 1467 aut
609 1404 716 1468 celare
741 1402 875 1469 debebit
897 1410 954 1468 aut
977 1403 1153 1470 emendare
1177 1405 1314 1470 curabit.

1209 1699 1269 1764 XI,
2096 1708 2123 1748 ιο

437 1851 615 1918 DOMINO
640 1819 827 1919 SUBbIMI
851 1853 1123 1928 SEMPERQUE
1147 1853 1400 1920 MAGNIFIOO
1424 1853 1592 1918 FRATRI
1615 1853 1797 1918 FREDAE
1821 1850 2047 1918 RURIOIUS.

368 2031 380 2090 l
525 2002 681 2113 Quorum
705 2034 896 2124 amoenitati
920 2033 1060 2098 nemoris
1084 2033 1185 2098 vestri
1209 2034 1306 2098 etiarn
1329 2034 1452 2100 deserti
1475 2036 1579 2100 nostri
1601 2037 1741 2122 ineptias
1757 2034 1907 2100 voluistis
1924 2033 2067 2120 adiungi,

418 2139 595 2217 transmisi,
619 2139 703 2202 sieut
719 2137 917 2216 iniunxistis,
941 2137 1086 2201 abietum
1103 2138 1244 2224 plantas,
1269 2157 1332 2201 nen
1356 2138 1465 2224 speeie
1490 2139 1547 2204 sed
1571 2141 1768 2226 proceritate
1792 2140 1980 2226 placituras,
2004 2161 2067 2204 non

417 2243 577 2309 fructibus
602 2241 659 2305 sed
684 2242 734 2306 sui
763 2241 1026 2328 peregrinatione
1058 2242 1238 2323 mirabiles,
1269 2263 1334 2306 non
1364 2263 1426 2306 usu
1455 2249 1549 2330 aptas
1580 2243 1638 2309 sed
1671 2245 1870 2309 amoenitate
1899 2243 2067 2324 iucundas,

417 2347 538 2434 quippe
568 2367 668 2431 quae,
699 2367 771 2410 eum
802 2345 996 2422 coaluerint,
1024 2345 1237 2416 crassitudine
1267 2346 1454 2411 umbrarum
1478 2344 1705 2412 Cevennarum
1728 2347 1831 2434 frigus
1859 2347 1974 2413 oceani
2003 2347 2068 2412 sint
2097 2362 2123 2400 1⁵

366 2453 386 2514 2
420 2449 600 2516 aestatibus
623 2449 842 2535 praebiturae.
886 2455 919 2512 et
941 2447 1004 2513 boc
1028 2450 1114 2514 inter
1136 2449 1210 2515 illas
1232 2450 1514 2536 praeclarissimas
1537 2449 1658 2515 diversi
1679 2452 1811 2536 generis
1834 2451 1978 2532 arbores,
2001 2459 2068 2517 tam

417 2551 536 2618 decore
559 2575 656 2638 quam
679 2553 819 2618 utilitate
842 2558 1067 2638 praestantes,
1091 2554 1263 2639 opulentas
1286 2575 1404 2634 onere,
1427 2553 1598 2620 distinctas
1620 2555 1717 2636 flore,
1748 2555 1849 2621 odore
1871 2554 2067 2641 fragrantes.

366 2659 384 2720 3
416 2657 483 2721 illio
505 2657 592 2720 enim
614 2657 773 2722 industria
796 2664 906 2722 vestra
929 2658 1083 2738 eontulit,
1113 2657 1198 2742 quod
1228 2658 1287 2723 soli
1318 2663 1435 2723 natura
1463 2678 1526 2723 non
1557 2659 1703 2743 protulit.
1747 2681 1820 2724 nam
1849 2666 1886 2724 ut
1915 2659 2068 2726 ruborem

417 2781 579 2841 rosarum,
619 2759 762 2825 liliorum
799 2759 986 2840 eandorem,
1026 2762 1109 2827 lauri
1148 2769 1341 2848 perpetuum
1376 2764 1515 2828 virorem
1555 2767 1589 2826 et
1626 2763 1691 2827 alia
1723 2763 1948 2830 huiuscemodi
1988 2765 2064 2830 vilia

418 2865 542 2930 visibus
574 2866 849 2952 praetermittam,
879 2866 955 2950 quia
986 2886 1086 2952 saepe
1117 2888 1176 2952 per
1204 2865 1437 2932 abundantiam
1465 2867 1610 2954 pretiosa
1632 2867 1793 2931 vilescunt
1819 2866 1952 2932 etfacit
1975 2867 2071 2953 eopia
2097 2881 2124 2922 20
2168 2949 2171 2956 „

417 2969 579 3034 cotidiana
601 2969 781 3049 fastidium,
804 2970 870 3034 illio
895 2969 994 3035 etiam
1017 2971 1216 3055 graminum,
1246 2972 1445 3056 germinum,
1475 2971 1689 3038 frutectorum
1712 2970 1905 3057 peregrinae
1929 2971 2068 3036 collatae
2168 2957 2171 2962 ’

366 3076 386 3137 4
418 3080 494 3138 sunt
523 3074 718 3154 suavitates,
748 3073 832 3139 visui
861 3072 998 3160 usuique
1028 3081 1213 3141 vernantes.
1259 3074 1317 3141 sed
1347 3074 1424 3160 quid
1451 3075 1518 3138 illic
1549 3075 1689 3160 primurn
1718 3073 1916 3138 laudandum
1944 3075 1986 3139 sit
2012 3080 2070 3138 aut

419 3174 612 3257 mirandum,
635 3175 692 3240 ubi
715 3177 815 3241 etiam
839 3177 995 3263 temporis
1019 3177 1230 3265 intemperies
1254 3183 1475 3265 temperatur?
1516 3175 1675 3262 siquidem
1698 3176 1779 3241 inibi
1802 3175 1944 3242 torridae
1961 3177 2071 3243 fervor

418 3280 554 3344 aestatis
577 3285 644 3343 tam
668 3279 856 3345 umbrarum
880 3301 977 3365 quam
1000 3280 1159 3344 undarum
1181 3281 1288 3366 rigore
1312 3280 1503 3367 depellitur;
1535 3281 1652 3346 hiemis
1678 3301 1756 3346 vero
1787 3280 1819 3345 in
1847 3286 1973 3346 tantum
2004 3302 2069 3346 non

420 3385 559 3448 sentitur
589 3383 763 3468 asperitas,
797 3389 833 3446 ut
860 3384 946 3448 intra
976 3383 1091 3448 aedem
1121 3384 1238 3470 positis
1268 3390 1361 3471 tepor
1388 3385 1473 3450 aeris
1505 3391 1540 3451 et
1569 3389 1684 3450 cantus
1713 3385 1820 3449 avium
1844 3385 1931 3450 veris
1953 3384 2070 3450 reddat
2096 3399 2122 3438 ⁹⁵

368 3492 387 3551 5
420 3487 572 3572 effigiem.
621 3487 678 3551 sed
702 3487 778 3573 quid
802 3509 862 3574 ego
885 3489 1056 3553 immemor
1078 3489 1260 3576 imperitiae
1283 3510 1377 3554 meae
1401 3509 1547 3576 paupere
1571 3507 1729 3568 sermone,
1757 3487 1799 3551 mi
1822 3487 1963 3567 domine,
1986 3487 2069 3552 ruris

419 3591 520 3655 vestri
544 3591 685 3674 divitias,
709 3591 844 3656 delicias
867 3591 1053 3658 describere
1075 3599 1131 3657 aut
1147 3613 1298 3658 enarrare
1316 3592 1486 3675 contendo,
1509 3591 1660 3658 adonius
1677 3591 1807 3656 laudem
1824 3591 2069 3676 etiamingenia

367 3698 386 3760 6
419 3695 544 3760 maiora
567 3695 841 3760 succumberent?
887 3695 962 3760 date
986 3695 1097 3782 itaque
1120 3696 1342 3782 impudentiae
1366 3717 1461 3761 meae
1481 3695 1627 3775 veniam,
1657 3713 1754 3781 quam
1783 3694 1985 3769 extorsistis3
2014 3695 2069 3780 qui

418 3805 455 3863 ut
477 3799 610 3864 auribus
634 3801 751 3865 vestris
774 3801 931 3865 verbosus
955 3799 1150 3881 existerem,
1180 3798 1326 3884 dignatio
1350 3805 1460 3863 uestra
1480 3821 1532 3864 me
1557 3799 1737 3886 compellit:
1771 3798 1951 3878 confidens,
1981 3797 2068 3883 quod

420 3907 561 3992 epistula
588 3906 716 3991 longior
738 3906 848 3988 vobis,
879 3905 1004 3970 domnis
1031 3907 1130 3987 meis,
1159 3905 1187 3968 si
1215 3904 1405 3990 displiceret
1433 3903 1548 3984 affatu,
1578 3903 1722 3988 placeret
1748 3901 1885 3982 affectu,
1916 3923 1990 3965 cum
2019 3900 2067 3964 in·
2096 3915 2124 3953 ιο

420 4010 621 4094 tellegeretis
644 4030 717 4074 eam
740 4031 805 4074 non
828 4031 886 4095 pro
910 4009 1116 4093 eloquentiae
1139 4008 1251 4092 lepore
1274 4005 1333 4072 sed
1356 4027 1415 4093 pro
1438 4012 1548 4072 vestro
1571 4027 1683 4072 amore
1704 4007 1882 4092 eopiosam;
1906 4004 2067 4090 simulque

420 4116 496 4200 quia
518 4116 678 4194 sciebam,
709 4116 942 4180 sublimitatem
965 4120 1108 4180 uestram
1137 4114 1171 4177 in
1199 4113 1311 4177 amicis
1334 4113 1451 4178 vestris
1473 4112 1547 4199 plus
1572 4109 1814 4196 reprehendere
1838 4107 2069 4174 taciturnitatis

421 4218 651 4284 verecundiam
675 4239 773 4306 quam
794 4219 964 4310 loquacem
989 4217 1220 4282 familiaritatis
1244 4214 1424 4282 audaciam.

1207 4529 1286 4595 XII.

786 4685 946 4751 DOMNO
971 4686 1189 4751 PECTORIS
1215 4685 1288 4752 SUI
1312 4685 1454 4752 OELSO
1479 4683 1703 4751 RURIOIUS.

372 4829 384 4889 l
529 4807 682 4898 Taurino
704 4835 738 4898 in
762 4833 971 4920 praeconium
988 4838 1133 4898 vestrum
1157 4855 1194 4897 os
1220 4834 1350 4919 elingue
1374 4854 1531 4914 reserare,
1557 4833 1609 4897 eui
1632 4833 1699 4897 scio
1722 4833 1793 4896 iure
1817 4830 1916 4895 etiam
1937 4828 2070 4914 ingenia

421 4939 546 5003 maiora
568 4938 793 5005 succumbere.
838 4936 917 5023 qnid
941 4934 1189 5023 enirflprimum
1217 4937 1258 5002 de
1292 4937 1475 5002 affectionis
1506 4942 1563 5000 aut
1590 4935 1789 5022 dignationis
1811 4938 1942 4998 vostrae
1972 4931 2069 4996 laude

421 5063 682 5125 commemorem,
707 5043 762 5129 qui
785 5063 897 5106 omnes
920 5041 999 5106 mihi
1021 5041 1116 5122 ruris,
1145 5041 1287 5107 nemoris
1311 5047 1344 5106 et
1368 5039 1453 5127 quod
1476 5040 1527 5104 his
1551 5041 1700 5106 omnibus
1722 5040 1828 5106 maius
1851 5044 1902 5104 est
1925 5037 2070 5104 caritatis

401 5297 403 5302 '
525 5285 585 5338 let
601 5303 690 5339 eorum
707 5313 740 5324 -
759 5286 898 5355 uocabula]
917 5288 946 5338 ia
962 5305 1013 5353 inq.
1031 5285 1092 5336 cdd.
1107 5278 1148 5335 ΘΙ
1253 5282 1396 5347 3ntiliter]
1415 5284 1435 5336 tl
1452 5279 1579 5350 capplG
1682 5280 1846 5352 4fugata0
1914 5275 2071 5334 amicituaG

422 5369 453 5422 ll
472 5373 742 5426 renascentiam
836 5371 868 5424 13
886 5367 1078 5425 adiunxistisG
1169 5367 1202 5420 15
1219 5370 1308 5421 oceani
1324 5369 1386 5437 siut]
1399 5369 1551 5434 Monamacn,
1568 5370 1669 5422 oceanis
1686 5371 1714 5420 in
1727 5366 1754 5422 G
1844 5367 1875 5420 17
1894 5361 2072 5435 flagrantesG

422 5456 455 5510 19
473 5456 545 5523 ιιίΙίιι]
558 5459 710 5522 Mommsen,
727 5461 841 5512 familia?
856 5457 908 5524 0¹,
925 5459 1018 5511 sinrilia
1031 5454 1073 5509 θ’
1159 5453 1194 5506 22
1211 5454 1331 5523 usuique]
1350 5459 1418 5508 usui.
1436 5453 1569 5529 auiqqu
1655 5453 1689 5507 24
1705 5453 1836 5510 aemtisG
1921 5453 1956 5505 25
1972 5449 2070 5518 aedem]

422 5545 581 5611 Iattjolmnn,
598 5544 732 5599 eademG
818 5556 897 5615 tepor.
915 5549 982 5600 aeris
999 5563 1030 5599 ec
1048 5544 1229 5612 temperastis
1247 5559 1313 5594 corr.
1334 5540 1377 5594 θ’
1497 5541 1532 5595 26
1549 5542 1671 5611 paupere]
1692 5540 1720 5595 θ
1839 5541 1872 5593 27
1890 5541 2028 5593 discribere
2046 5536 2072 5590 G

421 5629 456 5682 28
473 5627 540 5696 date]
562 5631 606 5683 dat
623 5629 691 5684 ssa
811 5631 846 5685 30
863 5629 1021 5701 domnislG
1100 5630 1278 5698 intellegeritis
1298 5625 1332 5695 G,
1355 5629 1531 5684 intellexeritis
1551 5630 1668 5684 Ocelum
1783 5629 1817 5686 32
1835 5625 1904 5698 plus]
1953 5645 1974 5683 ι.
1992 5627 2011 5680 l.
2029 5621 2072 5680 6¹

421 5715 456 5770 35
474 5714 577 5785 domno]
599 5714 625 5769 G
729 5718 763 5770 38
779 5718 900 5789 nemorirs]
918 5721 1017 5789 sampsi,
1034 5721 1111 5772 moris
1131 5715 1157 5773 G
