4560 6434
747 385 855 440 crana
873 387 907 452 u,
931 385 982 442 xv
1000 387 1016 455 a
1033 387 1066 440 m
1085 414 1119 426 -
1136 386 1217 444 xvu
1234 388 1250 457 a
1269 389 1292 443 r.

960 682 1074 749 XVII.

295 835 474 902 DOMINO
499 835 686 902 SUBLIMI
709 835 980 913 SEMPERQUE
1003 837 1257 904 MAGNIFICO
1280 838 1449 906 FRATRI
1474 838 1736 907 TAURENTIO

770 940 985 1006 RURIOIUS
1008 941 1266 1008 EPISOOPUS.
1347 1013 1348 1016 ,

298 1058 424 1152 Exrcm
452 1088 583 1152 solliciti
609 1087 716 1152 cordis
743 1089 897 1170 affectus,
927 1093 964 1152 ut
992 1089 1203 1176 imperitioris
1230 1095 1397 1176 promatur
1425 1092 1556 1172 affatus,
1585 1113 1647 1157 nec
1677 1091 1842 1157 erubescit
1877 1097 1891 1155 1

152 1207 163 1245 ⁵
192 1191 382 1257 rusticitatis
408 1191 631 1278 opprobrium,
662 1191 836 1256 dummodo
867 1192 1004 1280 impleat
1026 1193 1172 1258 caritatis
1195 1193 1385 1280 imperium,
1415 1196 1499 1261 sicut
1523 1203 1656 1261 sanctus
1679 1196 1844 1281 apostolus

191 1295 284 1361 dicit:
314 1295 491 1382 perlecta
518 1295 664 1388 caritas
692 1294 801 1360 foras
830 1295 967 1359 mittit
994 1296 1199 1371 timorem;
1230 1298 1305 1383 quia
1328 1297 1424 1384 longe
1448 1298 1564 1364 melius
1588 1304 1639 1362 est
1660 1299 1842 1386 proximum

192 1400 328 1486 diligere
353 1400 479 1465 sincere
503 1420 599 1486 quam
622 1399 812 1485 praedicare
833 1399 990 1485 perfecte.
1028 1400 1188 1487 siquidem
1204 1402 1432 1488 multoplures
1448 1402 1705 1468 inveniunturin
1720 1400 1841 1467 mundo
1872 1405 1892 1464 2

191 1502 399 1588 eloquentiae
421 1503 533 1590 lepore
556 1502 697 1589 praediti
720 1522 816 1588 quam
839 1501 1022 1568 dilectionis
1045 1504 1158 1590 vigore
1186 1503 1339 1590 perlecti,
1369 1505 1461 1592 quia,
1492 1506 1577 1572 siout
1605 1506 1690 1592 quod
1719 1504 1841 1570 bonum

194 1612 246 1670 est
268 1626 377 1671 rarum
401 1612 462 1690 ast,
486 1607 533 1670 ita
555 1605 692 1671 arduum
716 1604 801 1692 quod
824 1613 1007 1674 aeternum.
1042 1607 1196 1694 proclivis
1220 1630 1361 1695 namque
1384 1610 1478 1674 iuxta
1500 1610 1623 1675 domini
1646 1611 1842 1676 sententiam

139 1723 165 1762 ¹⁰
191 1718 224 1775 et
245 1711 323 1776 trita
346 1711 400 1776 via
422 1717 475 1778 est
498 1732 581 1797 quae
605 1711 801 1798 praecipitat
823 1711 857 1776 in
880 1713 1083 1796 gehennam
1112 1713 1212 1778 artior
1233 1734 1312 1778 vero
1336 1719 1368 1778 et
1390 1713 1556 1779 difficilior
1577 1734 1660 1800 quae
1689 1713 1843 1779 sublimat

189 1813 230 1879 ad
245 1815 392 1900 gloriam,
415 1835 480 1900 qua
494 1815 578 1880 enisi
593 1815 670 1900 quia
684 1851 765 1897 ms,
788 1814 846 1880 illa
861 1816 954 1881 multi
969 1814 1171 1902 gradiuntur,
1195 1817 1256 1882 hac
1271 1818 1377 1904 pauci.
1416 1824 1449 1882 et
1464 1816 1548 1900 ideo,
1571 1818 1760 1884 imminente
1776 1818 1842 1883 iam
1874 1820 1893 1881 3

190 1919 374 2003 praesentis
397 1919 470 1984 aeri
492 1918 631 1988 termino
655 1925 688 1984 et
709 1919 793 1984 senii
809 1918 861 1984 die
878 1941 1113 2006 usquequaque
1129 1920 1248 2002 vicino,
1272 1922 1357 1987 sicut
1372 1943 1432 1987 nos
1449 1922 1548 1987 etiam
1564 1921 1661 1988 docet
1678 1921 1842 1986 caesaries

190 2021 342 2105 detonsa,
365 2024 417 2088 rel
441 2023 609 2102 convenit,
638 2043 680 2087 ne
702 2022 737 2086 iu
758 2023 926 2087 veteribus
950 2023 1044 2088 annis
1067 2024 1233 2089 iuvenalia
1256 2024 1344 2090 facta
1365 2025 1563 2090 meditemur
1584 2031 1683 2113 atque
1706 2025 1740 2090 in
1763 2045 1841 2090 con-

190 2125 277 2192 fecto
300 2148 437 2214 corpore
460 2133 495 2192 et
518 2127 615 2192 corde
640 2126 808 2212 decrepito
831 2125 1078 2193 adulescentiae
1102 2135 1219 2214 regnet
1241 2128 1375 2216 cupido,
1404 2129 1445 2194 de
1475 2151 1540 2216 qua
1561 2128 1672 2194 iudicii
1695 2136 1842 2216 tempore

138 2243 162 2282 ¹⁵
188 2229 222 2293 in
251 2229 307 2295 illo
336 2230 506 2296 tremendo
535 2237 689 2297 aeternae
722 2229 978 2316 dispensationis
1009 2233 1173 2316 examine,
1209 2232 1353 2319 (quando
1386 2234 1443 2300 illa
1478 2234 1622 2299 omnium
1655 2233 1841 2299 mortalium

189 2335 284 2402 testis
320 2341 353 2400 et
385 2334 486 2400 iudex
521 2357 587 2401 non
624 2337 729 2400 solum
763 2335 881 2400 merita
914 2334 1154 2422 ponderaturus
1188 2343 1222 2400 et
1253 2336 1355 2419 lacta,
1388 2358 1502 2402 verum
1537 2338 1636 2403 etiam
1661 2337 1763 2403 verba
1792 2345 1843 2402 est

191 2437 401 2504 discussurus
432 2445 465 2504 at
493 2445 586 2520 vota,
615 2440 709 2504 iuxta
736 2439 1004 2526 pollicitationem
1037 2461 1129 2504 suam
1159 2440 1232 2504 aliis
1261 2440 1303 2506 de
1334 2461 1438 2526 aquae
1467 2441 1607 2528 frigidae
1638 2442 1842 2529 praebitione

190 2541 324 2608 daturus
349 2550 400 2608 est
421 2544 618 2630 praemium,
641 2544 714 2608 aliis
737 2543 778 2608 de
802 2543 900 2608 otiosi
922 2543 1013 2608 verbi
1036 2543 1171 2609 levitate
1194 2543 1421 2631 supplicium),
1451 2567 1524 2611 reos
1546 2567 1606 2610 nos
1629 2547 1692 2611 etsi
1714 2568 1778 2612 non
1800 2546 1841 2612 da

190 2647 372 2733 perpetrati
395 2647 550 2712 facinoris
574 2648 752 2734 voluptate,
776 2648 886 2713 saltim
908 2648 949 2714 de
973 2650 1261 2735 concupiscentiae
1276 2651 1444 2716 voluntate
1468 2653 1658 2727 constituae
1681 2652 1758 2737 'quia
1779 2652 1843 2737 qui

137 2765 163 2804 2⁰
189 2752 342 2817 viderit
364 2753 574 2818 mulierem
597 2752 646 2817 ad
669 2753 1046 2840 concupiscendum,
1078 2755 1156 2819 iam
1183 2755 1422 2820 moechatus
1452 2761 1518 2820 est
1546 2777 1633 2821 eam
1655 2756 1695 2820 in
1717 2754 1840 2820 corde

189 2875 271 2919 suo.
316 2857 400 2941 quod
424 2861 457 2922 et
479 2857 521 2923 de
545 2855 642 2922 rebus
665 2856 815 2922 omuibus
844 2857 917 2922 aliis
945 2857 1093 2923 similiter
1121 2858 1297 2924 observare
1326 2880 1386 2924 nos
1415 2859 1581 2940 convenit,
1610 2865 1648 2923 ut
1670 2859 1739 2924 sine
1762 2859 1837 2923 ullis
1873 2862 1892 2922 4

188 2961 397 3046 appetentiae
420 2961 567 3048 partibus
590 2960 760 3026 imbecillis
783 2960 879 3026 huius
903 2962 1064 3048 corporis,
1095 2963 1273 3050 amputatis
1296 2963 1418 3028 talibus
1446 2963 1615 3042 membris,
1645 2963 1692 3028 sic
1715 2962 1840 3028 debiles

189 3070 223 3127 et
245 3069 356 3130 umen
379 3064 499 3150 integri
521 3064 628 3151 potius
651 3065 851 3130 introeamus
874 3065 908 3130 in
929 3085 1077 3150 regnum,
1100 3087 1198 3151 quem
1215 3067 1297 3132 salvi
1314 3072 1348 3132 et
1363 3073 1473 3132 tamen
1488 3066 1608 3153 perditi
1622 3066 1655 3130 in
1672 3072 1842 3132 aeternum

189 3167 385 3254 proiciamur
415 3168 611 3234 incendium.
662 3170 712 3234 his
742 3169 891 3236 omuibus
923 3171 1099 3236 salubriter
1133 3171 1339 3258 pertractatis
1374 3177 1407 3236 et
1440 3171 1501 3235 rite
1534 3170 1731 3257 perspectis,
1765 3169 1841 3235 dum
1873 3174 1892 3232 5

137 3283 163 3324 2¹⁵
191 3272 378 3336 tribuuntur
401 3271 563 3354 indutiae,
594 3272 795 3339 declinemus
818 3295 838 3338 a
860 3274 946 3340 malo
969 3281 1003 3340 et
1026 3274 1148 3339 bonum
1172 3275 1377 3340 incessanter
1399 3294 1583 3360 operemur,
1612 3273 1843 3338 obliviscamur

187 3376 375 3461 praeterita,
400 3382 647 3442 contemnamus
663 3378 859 3464 praesentia,
882 3377 993 3443 futura
1008 3379 1187 3466 cupiamus,
1209 3379 1443 3444 obliviscamur
1457 3378 1491 3442 in
1508 3377 1612 3458 lactis,
1636 3376 1842 3442 recordemur

189 3479 223 3544 iu
247 3479 471 3562 conscientiis,
500 3485 536 3545 ut
559 3501 655 3546 omne
677 3488 850 3568 peccatum
872 3483 966 3548 nobis
989 3484 1147 3548 moriatur
1168 3483 1202 3548 in
1225 3483 1307 3558 vita,
1335 3483 1424 3547 vivat
1446 3481 1480 3546 iu
1507 3481 1723 3568 paenitentia:
1754 3502 1841 3546 nuuc

191 3583 391 3648 seminemus
421 3584 455 3648 in
486 3584 580 3664 fletu,
611 3584 699 3670 quod
726 3586 935 3671 postmodum
964 3593 1124 3652 metamus
1154 3587 1189 3651 in
1212 3585 1350 3672 gaudi0;
1382 3586 1457 3671 quia
1479 3590 1610 3671 tempus
1633 3584 1730 3649 huius
1752 3585 1839 3650 vitae

189 3693 319 3773 tempus
344 3693 393 3752 est
415 3688 539 3774 operis,
569 3688 638 3752 dies
661 3709 739 3754 vero
764 3690 988 3755 retributionis
1011 3697 1140 3777 tempus
1164 3697 1215 3754 est
1237 3689 1370 3771 messis,
1403 3689 1532 3775 quando
1564 3689 1633 3752 sine
1657 3687 1755 3752 dubio
1778 3689 1841 3753 hoc

137 3801 163 3840 ³⁰
190 3791 365 3878 unicuique
399 3791 571 3879 apparebit
604 3793 639 3857 in
672 3795 834 3879 germine,
870 3794 957 3880 quod
991 3814 1077 3859 nunc
1112 3794 1236 3881 spargit
1269 3795 1302 3858 in
1333 3793 1468 3858 semine.
1520 3792 1604 3857 sicut
1634 3791 1680 3856 ait
1710 3791 1841 3877 quidam

191 3901 391 3961 sanctorum:
422 3896 697 3983 respondebit
718 3898 817 3964 mibi
840 3920 925 3964 cras
949 3899 1112 3964 iustitia
1134 3919 1229 3980 mea,
1253 3919 1340 3963 cras
1356 3899 1468 3983 utique
1485 3895 1572 3962 diem
1587 3893 1836 3962 resurrectionis

192 3999 373 4085 appellans.
419 4001 502 4067 haec
534 4023 609 4084 nos,
640 4002 744 4068 frater
770 4001 906 4089 optimc,
934 4022 999 4067 non
1028 4003 1208 4088 pontificali
1235 4002 1431 4067 auctoritate
1461 4001 1520 4066 sed
1547 4000 1693 4065 fraterna
1717 4001 1840 4086 pietate
1872 4004 1892 4065 6

190 4102 331 4169 fidenter
351 4105 496 4171 scribere
523 4107 729 4171 unanimitati
751 4112 895 4187 vestrae,
925 4107 1062 4171 caritate
1091 4105 1251 4188 dictante,
1280 4104 1577 4193 praesumpsimus,
1607 4104 1724 4190 quibus
1748 4105 1840 4170 vobis

190 4207 244 4271 vel
274 4207 362 4273 circa
389 4231 447 4274 vos
478 4230 544 4274 non
572 4209 741 4276 dictatoris
770 4211 938 4296 ingenium
970 4210 1031 4276 sed
1063 4211 1212 4296 genuani
1241 4211 1455 4297 probaremus
1486 4209 1652 4276 allectum.
1701 4209 1841 4274 salutem
1874 4213 1892 4272 7

138 4323 163 4362 ³⁵
190 4309 301 4395 itaque
329 4311 457 4394 dicens,
485 4332 579 4399 rogo,
611 4314 695 4378 sicut
722 4315 914 4399 promittere
937 4313 1063 4399 dignati
1086 4315 1181 4396 estis,
1212 4314 1330 4379 librum
1352 4313 1448 4379 nobis
1473 4314 1577 4378 sancti
1598 4311 1776 4398 Augustini
1798 4313 1839 4378 de

191 4414 323 4482 civitate
354 4417 406 4482 dei
433 4439 493 4504 per
521 4419 713 4504 portitorem
747 4418 862 4484 harum
897 4420 967 4485 sine
1003 4419 1160 4486 dilatione
1196 4419 1346 4500 mittatis,
1383 4418 1475 4483 ouius
1504 4415 1580 4482 dum
1608 4438 1668 4481 nos
1699 4417 1840 4482 lectione

192 4518 373 4584 aedificatis
396 4520 429 4585 in
452 4521 563 4601 terris,
591 4521 684 4586 vobis
707 4523 854 4588 eiusdem
877 4524 1018 4588 civitatis
1040 4523 1231 4590 habitacula
1253 4522 1456 4611 praeparetis
1480 4522 1512 4585 in
1535 4521 1647 4601 caelis,
1679 4519 1720 4583 ad
1743 4540 1840 4604 quam

189 4629 301 4688 tamen
317 4624 413 4689 aliter
426 4625 598 4711 pervenire
614 4647 678 4690 non
692 4647 879 4712 possumus,
901 4627 965 4692 nisi
981 4627 1126 4692 caritatis
1142 4627 1300 4713 gradibus
1316 4623 1587 4698 conscendamus;
1610 4623 1686 4709 quia
1700 4623 1773 4710 ipsa
1788 4630 1840 4689 est

191 4728 464 4810 eminentiorum,
489 4749 571 4813 quae
592 4750 651 4794 nos
672 4736 706 4793 et
725 4731 759 4793 in
779 4730 841 4795 hac
861 4730 987 4815 positos
1004 4768 1066 4795 m-
1085 4732 1188 4796 sociat
1211 4730 1273 4796 deo
1296 4734 1330 4795 et
1349 4729 1499 4816 deposita
1513 4727 1661 4815 perducit
1676 4725 1718 4790 ad
1732 4725 1840 4793 deum.

138 4844 164 4883 ⁴⁰
191 4832 232 4897 dc
255 4853 320 4918 qua
342 4831 442 4898 ctiam
466 4833 625 4919 propheta
648 4839 801 4899 testatur:
829 4833 1087 4899 ambulabant
1108 4835 1156 4901 de
1179 4835 1326 4899 virtute
1350 4833 1390 4897 in
1412 4832 1615 4905 virtutem
1637 4829 1840 4896 uidebitur

293 5073 576 5140 61.10ann.1v‚18.
641 5072 851 5139 euraccum,
864 5076 904 5129 13.
917 5074 958 5129 14.
1023 5074 1055 5129 17
1076 5074 1177 5128 Matth.
1188 5073 1221 5139 X,
1233 5073 1277 5128 42.
1337 5073 1370 5127 18
1387 5071 1617 5134 Μα111ι.ΧΙΙ,36.
1688 5073 1721 5125 19
1739 5071 1840 5126 Matth.

190 5157 223 5222 V,
235 5158 277 5213 28.
331 5161 367 5215 25
379 5160 440 5215 Gal.
449 5159 496 5226 VI,
506 5159 548 5216 10.
607 5161 642 5215 28
654 5161 697 5215 Ps.
710 5159 817 5226 CXXV,
830 5162 854 5218 5.
913 5163 946 5216 31
959 5161 1027 5216 Gen.
1040 5161 1126 5224 XXX,
1138 5162 1180 5216 33.
1233 5161 1268 5214 39
1279 5161 1299 5216 Ι.
1310 5159 1370 5215 Cor.
1383 5159 1443 5222 XII,
1453 5157 1496 5212 30.
1547 5158 1639 5212 cors.
1652 5157 1802 5224 LXXXIII,
1815 5160 1841 5214 8.

292 5298 310 5352 2
327 5302 470 5354 Taureueio
483 5298 527 5354 G:
548 5301 702 5354 Taurenliar
719 5319 758 5368 ep.
775 5301 856 5366 VIII,
872 5320 955 5369 supra
967 5320 997 5370 p.
1010 5305 1068 5366 272,
1085 5303 1123 5354 ad
1134 5301 1267 5352 Ruricium
1278 5301 1384 5352 miserat
1469 5297 1486 5352 6
1503 5295 1570 5352 esG
1657 5296 1672 5350 7
1690 5297 1841 5353 sinceraeG

191 5389 316 5454 perlectae
336 5384 362 5440 G
470 5385 487 5438 9
505 5405 556 5455 quc
576 5385 601 5440 G
712 5388 743 5440 11
762 5405 814 5456 qua
831 5387 906 5456 enisi]
925 5389 1076 5454 Mornmeea,
1100 5405 1166 5456 quae
1183 5387 1233 5438 nisi
1251 5382 1286 5452 G,
1307 5403 1372 5452 quae
1389 5403 1468 5438 causa
1485 5387 1536 5438 nisi
1554 5385 1673 5438 matam
1741 5384 1841 5440 ullaG

189 5473 308 5526 laborant
323 5477 408 5542 suppl.
425 5475 569 5527 Mommsen
677 5474 711 5527 12
728 5477 798 5550 aqui,
817 5494 870 5528 ras.
882 5473 935 5528 σθ
1045 5474 1078 5529 13
1096 5477 1140 5528 uel
1156 5476 1278 5527 dammae
1295 5474 1360 5526 corsi
1378 5473 1522 5526 Mammea
1631 5471 1665 5525 15
1682 5475 1795 5528 mortalis
1814 5471 1840 5528 G

191 5559 225 5612 18
242 5562 326 5614 ocioso
339 5562 429 5626 (ociosi
442 5558 497 5628 θ’)
510 5563 590 5616 uerbo
604 5560 631 5615 G
735 5563 767 5615 19
786 5563 938 5631 perpetratis
952 5560 995 5615 G¹
1093 5561 1126 5614 21
1139 5557 1269 5627 omnibus]
1294 5561 1322 5612 in
1335 5561 1414 5612 litrrra
1428 5556 1471 5611 G¹
1540 5556 1626 5612 aliiG
1694 5562 1750 5614 sina
1767 5562 1838 5632 ullis]

190 5646 501 5716 Mommeu,singulisG
553 5683 554 5688 =
586 5647 621 5701 23
633 5647 670 5717 ct]
683 5647 749 5703 utG
794 5646 905 5716 quasiG
990 5645 1123 5702 32me
1168 5642 1316 5714 optimust}
1391 5643 1427 5698 34
1443 5642 1566 5698 salutoG
1643 5644 1678 5700 35
1695 5646 1839 5715 augustini]

190 5736 225 5808 cs.
234 5753 352 5807 suprcp.
362 5739 419 5803 272,
430 5736 448 5786 l.
457 5738 490 5792 33
568 5733 602 5791 39
620 5738 761 5792 eminenter
771 5737 802 5804 0,
813 5738 847 5804 cf.
859 5737 934 5804 infra
941 5753 971 5808 p.
981 5739 1038 5804 334,
1050 5737 1110 5792 134
1155 5731 1260 5807 positos]
1270 5751 1345 5786 carra
1357 5743 1461 5790 caeam
1473 5729 1513 5788 G:
1526 5735 1582 5788 uita
1593 5735 1677 5803 mppl.
1691 5734 1840 5800 [adjutam
