4634 6458
816 413 922 467 LIBER
940 413 1000 481 VII,
1021 415 1052 468 13
1064 415 1110 481 §5
1128 447 1161 457 -
1179 416 1294 483 14110.
1819 423 1876 483 121

231 587 301 651 veri
324 586 464 672 falsique
488 587 618 651 nescias
642 586 849 651 ratiocinatio
873 585 1002 650 animae
1026 586 1259 654 intellectualis
1289 593 1413 666 evexit3
1442 593 1533 656 cuius
1557 593 1585 656 si
1607 593 1769 678 tantisper
1792 613 1878 656 sum·
1951 675 1952 678 Ἴ

231 696 385 755 moveant
407 689 602 774 dignitatem
625 691 690 770 isti,
714 691 769 775 qui
792 689 916 754 amicos
939 690 1172 756 ludificabundi
1195 715 1259 758 non
1283 699 1349 758 tam
1372 694 1569 760 iudicialiter
1592 714 1687 780 quam
1706 696 1882 760 oculariter

233 793 409 872 intuentur,
435 791 545 856 dicant
567 793 666 858 velim
690 794 722 857 in
746 792 888 858 hominis
910 795 1016 859 forma
1040 795 1116 881 quid
1140 798 1219 861 satis
1241 803 1424 883 praestans,
1450 798 1527 884 quid
1552 799 1734 885 spectabile
1753 805 1880 885 putent.
1914 803 1933 861 5

231 897 524 982 proceritatemne?
548 897 641 982 quasi
661 917 727 961 non
748 897 830 962 haec
853 919 954 984 saepe
970 899 1202 984 congruentius
1223 901 1372 966 trabibus
1390 907 1532 987 aptetur.
1571 923 1613 966 an
1636 900 1881 968 fortitudinem?

226 1019 315 1084 -quae
344 999 508 1064 valentior
533 1000 567 1063 in
597 1000 749 1065 leoninae
778 1002 915 1066 cervicis
944 1005 1023 1068 toris
1051 1010 1177 1088 regnat.
1215 1025 1257 1067 an
1285 1004 1437 1070 decorem
1465 1006 1751 1070 liniamentorum?
1786 1026 1882 1091 quem

233 1101 347 1168 crebro
376 1104 494 1168 melius
526 1103 633 1189 infigit
667 1110 701 1170 ct
734 1105 851 1190 argilla
883 1106 1064 1172 simulacris
1100 1115 1140 1171 et·
1167 1127 1243 1172 cera
1274 1109 1418 1193 picturis.
1462 1129 1504 1172 an
1531 1108 1764 1174 velocitatem?
1800 1129 1883 1194 quae

232 1207 472 1292 competentius
495 1207 632 1272 canibus
655 1207 859 1272 adscribitur.
905 1229 947 1273 an
971 1210 1195 1294 vigilantiam?
1229 1211 1281 1274 oui
1309 1218 1414 1276 certat
1443 1217 1476 1276 et
1505 1218 1634 1275 noctua.
1681 1233 1722 1276 an
1744 1216 1880 1276 vocem?

231 1310 283 1373 oui
305 1331 371 1374 non
394 1311 529 1376 cesserit
549 1311 660 1376 asinus
684 1311 842 1377 claritate.
888 1334 929 1376 an
953 1312 1167 1378 industriam?
1197 1315 1250 1378 oui
1281 1335 1340 1401 pro
1368 1335 1426 1379 suo
1454 1313 1584 1379 modulo
1613 1315 1796 1401 comparari
1818 1335 1880 1378 nec

232 1412 368 1480 formica
390 1414 555 1480 formidat.
602 1413 660 1478 sed
688 1414 828 1479 forsitan
856 1417 1046 1501 praeferunt
1072 1418 1137 1482 vim
1164 1416 1313 1482 videndi:
1344 1425 1510 1504 tamquam
1533 1439 1596 1482 non
1620 1419 1663 1482 sit
1687 1418 1882 1483 eminentior
1916 1421 1935 1482 6

179 1531 204 1568 ¹⁰
231 1518 321 1582 visus
345 1520 536 1605 aquilarum.
581 1519 774 1605 praeferunt
796 1519 947 1584 audiendi
972 1521 1168 1585 efficaciam:
1198 1529 1364 1607 tamquam
1393 1543 1448 1586 sus
1477 1521 1624 1607 hispidus
1652 1543 1717 1586 non
1746 1522 1884 1586 antistet

229 1621 354 1689 auditu.
400 1623 589 1709 praeferunt
628 1622 785 1688 odorandi
824 1622 1054 1688 subtilitatem:
1095 1629 1263 1709 tamquam
1296 1645 1361 1689 non
1396 1624 1574 1710 praecedat
1607 1624 1717 1689 vultur
1750 1624 1881 1688 olfactu.

231 1726 421 1812 praeferunt
433 1726 585 1812 gustandi
602 1727 844 1793 discretionem:
866 1734 1032 1813 tamquam
1048 1750 1112 1792 non
1130 1729 1304 1814 plurimum
1322 1728 1398 1792 hino
1410 1726 1430 1810 †
1443 1747 1539 1792 nosse
1555 1726 1711 1792 cedamus
1731 1731 1765 1792 ct
1780 1727 1883 1790 simio.

230 1828 369 1913 quidde
393 1836 484 1894 tactu
506 1831 632 1916 loquar,
656 1831 768 1916 quinto
792 1851 890 1895 sensu
913 1833 1059 1918 corporis
1082 1833 1206 1896 nostri?
1231 1852 1329 1917 quem
1352 1831 1414 1896 sibi
1438 1830 1663 1896 indifferenter
1685 1837 1752 1895 tam
1774 1829 1878 1915 philo·
1970 1913 1972 1920 ,

231 1933 354 2019 sophus
378 1955 474 2019 quam
498 1935 694 2000 vermiculus
717 1943 886 2023 usurpant.
932 1942 1026 2001 taceo
1048 1936 1101 1999 hic
1122 1936 1163 2000 de
1184 1935 1383 2020 appetitibus
1399 1935 1624 2010 inlecebrosis,
1648 1955 1728 2019 quos
1743 1934 1778 1997 in
1794 1932 1882 1997 coitu

192 2075 197 2090 ι
231 2039 333 2101 motui
357 2037 488 2103 beluino
513 2040 620 2103 carnis
650 2039 814 2104 humanae
844 2039 996 2126 voluptas
1027 2041 1185 2104 inclinata
1213 2040 1440 2104 communicat.
1487 2059 1564 2103 ecee
1593 2057 1691 2123 quam
1717 2036 1883 2101 miseriam
1918 2037 1935 2098 7

232 2141 424 2227 praeferunt
453 2143 672 2228 excoluntque
701 2143 766 2229 qui·
785 2142 876 2224 mihi,
907 2143 992 2229 quod
1023 2143 1071 2208 eis
1100 2144 1169 2208 solo
1201 2143 1245 2206 sis
1274 2143 1392 2208 obtutu
1420 2143 1536 2224 notior,
1565 2140 1688 2226 turgidi
1716 2140 1883 2204 insultant.

232 2250 283 2308 ast
306 2265 367 2330 ego
389 2245 481 2309 illum
505 2268 636 2334 semper
658 2246 860 2332 Philagrium
883 2243 990 2323 video,
1023 2247 1115 2311 cuius
1144 2247 1171 2311 si
1195 2246 1334 2311 tacentis
1358 2245 1504 2311 viderem
1527 2245 1657 2326 faeiem,
1679 2243 1882 2328 Philagrium

232 2367 296 2412 non
320 2347 477 2416 viderem.
521 2349 609 2414 unde
640 2349 720 2415 illud
752 2351 858 2414 simile
891 2351 1060 2434 vulgatum
1096 2355 1156 2428 est,
1191 2349 1277 2436 quod
1312 2350 1359 2414 ait
1395 2350 1525 2436 quidam
1560 2350 1592 2413 in
1627 2369 1728 2414 causa
1761 2347 1884 2433 dispari
1948 2367 1951 2372 ¹

234 2453 398 2516 sententia
421 2454 507 2540 pari:
543 2454 686 2519 ‘filium
717 2454 839 2519 Marci
872 2453 1079 2518 Ciceronis
1108 2454 1280 2540 populus
1308 2453 1501 2518 Romanus
1531 2474 1608 2517 non
1638 2449 1884 2537 agnoscebat

232 2554 480 2640 loquentem!
526 2559 730 2622 conclamata
760 2565 850 2622 sunt:
890 2580 1031 2645 namque
1063 2558 1181 2622 iudicio
1210 2559 1388 2623 universali
1419 2559 1578 2624 scientiae
1608 2558 1751 2644 dignitas
1781 2556 1885 2620 virtus

233 2661 471 2746 praerogativa,
505 2663 597 2726 ouius
631 2662 673 2726 ad
706 2663 885 2727 maximum
921 2663 1051 2727 culmen
1086 2663 1276 2726 meritorum
1311 2662 1465 2747 gradibus
1501 2661 1697 2726 ascenditur.
1742 2660 1883 2746 primum
1917 2659 1936 2721 8

234 2762 333 2828 etiam
362 2761 502 2829 bestiale
534 2786 669 2852 corpus,
706 2765 734 2829 si
762 2766 825 2831 iam
855 2766 939 2830 forte
978 2763 1152 2830 formatum
1188 2771 1254 2845 est,
1287 2765 1446 2851 dignitate
1483 2765 1687 2830 transcendit
1715 2763 1885 2827 materiam

231 2865 418 2941 informem
453 2867 572 2934 deinde
608 2869 746 2935 formato
782 2871 994 2957 praeponitur
1029 2891 1146 2956 corpus
1181 2871 1375 2944 animatum3
1411 2869 1507 2933 tertio
1542 2867 1710 2956 praecedit
1744 2868 1886 2931 animam

234 2969 370 3055 pecudis
401 2972 529 3036 animus
555 2973 729 3056 humanus,
759 2974 845 3059 quia,
876 2972 961 3038 sicut
990 2974 1125 3039 inferior
1154 2980 1205 3064 est
1228 2994 1304 3038 caro
1329 2975 1428 3054 vitae,
1461 2974 1506 3037 sio
1535 2973 1603 3036 vita
1633 2961 1763 3050 rationi,
1794 2970 1886 3034 euius

180 3083 205 3122 2⁵
232 3074 457 3159 assequendae
481 3075 697 3142 substantiam
721 3084 866 3142 nostram
889 3083 1072 3165 compotem
1095 3077 1175 3142 deus
1198 3077 1329 3158 artifex,
1358 3077 1497 3142 ferinam
1520 3095 1598 3140 vero
1620 3074 1774 3160 impotem
1795 3073 1886 3148 feoit;

231 3176 278 3240 ita
300 3183 421 3260 tamen,
444 3179 532 3265 quod
554 3181 586 3244 in
610 3187 698 3246 statu
720 3181 839 3246 mentis
862 3180 1024 3246 humanae
1047 3181 1150 3267 pollet
1173 3181 1331 3266 bipertita
1353 3177 1511 3244 condicio.
1548 3199 1625 3243 nam
1649 3178 1732 3242 siout
1755 3177 1884 3240 animae

233 3280 421 3346 humanitus
452 3284 531 3348 licet
563 3285 809 3360 ratiocinantes,
843 3284 981 3349 hebetes
1017 3291 1127 3350 tamen
1161 3284 1387 3370 pigrioresque
1420 3282 1618 3370 prudentum
1652 3288 1885 3366 acutarumque

233 3384 402 3451 calcantur
423 3387 563 3471 ingenio,
588 3389 633 3452 ita
656 3388 792 3475 siquae
816 3396 902 3472 sunt,
926 3411 1010 3476 quae
1034 3391 1106 3454 sola
1129 3390 1269 3454 naturali
1292 3388 1454 3476 sapientia
1475 3389 1599 3475 vigent,
1623 3387 1685 3452 hae
1709 3387 1888 3473 peritarum

233 3510 270 3553 se
294 3490 419 3554 meritis
444 3492 650 3576 superveniri
673 3493 770 3558 facile
794 3493 989 3559 concedunt.
1034 3515 1171 3580 quorum
1194 3513 1256 3579 ego
1281 3493 1440 3580 graduum
1465 3491 1683 3557 differentiam
1706 3488 1886 3554 observans
1919 3492 1939 3551 9

184 3603 210 3642 ³⁰
236 3590 328 3656 illum
351 3592 556 3679 Philagrium
586 3594 691 3660 cordis
728 3597 822 3661 oculo
850 3617 980 3682 semper
1009 3597 1158 3682 inspicio,
1193 3597 1244 3661 eui
1275 3618 1327 3661 mc
1358 3597 1486 3660 animus
1521 3594 1745 3682 potentialiter
1776 3598 1886 3657 notum

234 3715 360 3760 morum
383 3696 595 3763 similitudine
618 3699 706 3764 facit.
753 3721 828 3764 nam
852 3701 930 3765 licet
961 3701 1055 3765 bonis
1084 3700 1236 3765 omnibus
1264 3701 1407 3786 placeas,
1436 3719 1533 3764 nemo
1556 3705 1589 3762 te
1613 3699 1687 3784 plus
1711 3696 1813 3762 valuit
1835 3695 1884 3759 in-

238 3799 400 3865 trinsecus
423 3801 544 3865 intueri
567 3823 663 3887 quam
687 3804 742 3889 qui
765 3804 949 3868 forinsecus
973 3805 1105 3869 affectat
1127 3804 1257 3868 imitari.
1293 3825 1373 3868 sanc
1395 3803 1536 3889 qualiter
1557 3801 1736 3866 studiorum
1757 3805 1886 3864 tuorum

238 3909 473 3969 consectaneus
505 3905 591 3987 fiam,
622 3928 785 3994 consequa
813 3909 954 3995 paginae
986 3915 1079 3995 parte
1109 3907 1317 3972 reserabitur.
1362 3927 1464 3987 amas,
1496 3911 1532 3970 nt
1561 3904 1714 3991 comperi,
1743 3903 1940 3988 quictoa310

339 4148 354 4200 1
372 4149 528 4201 ratiotinatio
545 4150 579 4214 L,
596 4152 729 4204 rationatio
747 4152 776 4203 F
846 4153 1027 4205 intellectualis
1044 4155 1144 4205 animae
1162 4154 1188 4204 P
1259 4153 1354 4216 tandb3
1372 4169 1418 4219 par
1436 4151 1460 4202 L
1572 4147 1625 4199 ‘dir
1645 4151 1673 4201 td
1691 4156 1751 4200 aare
1768 4164 1821 4199 non
1839 4154 1890 4198 tem

235 4269 337 4321 indam?
347 4268 388 4320 P*
457 4271 646 4324 occuleriterC'
745 4271 1101 4337 eramusmaerore
1117 4290 1200 4340 mar-9.
1214 4273 1253 4324 1³²
1358 4268 1565 4323 4trabitibusL
1668 4268 1755 4342 5an
1773 4285 1840 4320 corr.
1858 4284 1889 4320 ea

235 4394 286 4458 qud
305 4391 338 4441 M
342 4392 350 4422 ¹
420 4393 501 4444 thoria
518 4392 623 4445 MOFP
690 4395 904 4448 laniamentorunr
923 4393 975 4462 On.
993 4413 1009 4446 a
1028 4413 1095 4447 corr.
1112 4383 1167 4447 ini
1186 4394 1241 4461 ΕΙ)
1259 4393 1311 4445 FP
1412 4391 1429 4443 6
1447 4409 1483 4442 aa
1500 4391 1623 4457 intingit?
1691 4388 1853 4440 simulachris
1866 4388 1895 4439 F

236 4511 378 4588 ranam
395 4515 582 4582 compsantius
599 4514 681 4566 nur
765 4516 902 4568 massar
919 4515 1030 4580 narr,
1052 4517 1202 4568 assason
1225 4489 1253 4565 r'
1332 4513 1496 4581 vigilanciam
1516 4511 1539 4562 c
1661 4507 1818 4575 conquam
1837 4507 1893 4558 nn

237 4634 271 4688 10
287 4590 398 4687 audiendi
416 4635 450 4686 M
455 4636 462 4666 ¹
543 4636 681 4687 efficatiam
698 4634 779 4686 LMO
853 4644 974 4701 tanquam
993 4633 1077 4685 ΕΜΓ
1151 4641 1263 4686 antestet
1281 4632 1386 4685 MOFP
1496 4630 1528 4682 11
1546 4637 1668 4696 tanquam
1686 4626 1750 4692 ΜΡ,
1772 4645 1849 4694 quam
1868 4627 1891 4678 L

236 4757 317 4808 olfatu
335 4754 413 4807 MOP
516 4754 550 4806 12
567 4763 688 4822 tanquam
707 4753 792 4806 ΕΜΓ
856 4771 931 4807 norae
954 4754 1074 4806 cedamus
1092 4753 1226 4818 LMOFP,
1250 4771 1297 4805 nos
1316 4754 1436 4806 cedamus
1459 4753 1487 4816 Τ,
1502 4755 1571 4819 sort.
1588 4758 1653 4803 recte
1758 4745 1791 4798 13
1809 4748 1890 4815 philo·

184 4943 190 4958 l
235 4879 307 4928 achra
330 4877 367 4941 L,
398 4876 576 4944 phylosophus
600 4877 623 4928 O
759 4873 792 4927 14
817 4876 973 4929 illecebrosis
995 4873 1124 4926 MTCFP
1262 4873 1294 4926 15
1320 4875 1426 4927 beluino
1450 4875 1531 4925 motui
1557 4873 1582 4922 Τ
1718 4868 1750 4921 16
1776 4870 1895 4922 michiO

236 5005 328 5066 optutu
347 4997 402 5048 Μ’
519 4996 552 5049 17
570 5005 598 5050 at
616 4997 645 5049 F
722 4997 852 5063 filagrium
870 4995 925 5046 Μ’
1001 4997 1128 5075 lanceatis
1147 4995 1187 5046 L¹
1271 4995 1359 5047 videre
1381 4995 1406 5045 T
1480 4995 1609 5061 filagrium
1627 4991 1682 5042 ΕΤ
1798 4988 1832 5042 18
1854 4999 1894 5043 eat

237 5119 372 5186 vulgatum
390 5118 419 5170 F
516 5127 576 5185 post
598 5097 702 5186 quidem
725 5117 848 5184 captarent
868 5133 956 5169 corum
975 5117 1004 5167 F
1010 5117 1018 5147 ¹
1159 5113 1192 5166 19
1216 5111 1347 5168 sentenciis
1366 5116 1389 5168 Ο
1490 5114 1574 5181 parari
1591 5112 1616 5164 L
1720 5111 1853 5178 cyeeronis
1869 5111 1898 5163 P

236 5257 357 5292 romanus
374 5257 423 5292 om.
440 5239 491 5292 ΤΡ
614 5236 650 5290 20
666 5240 828 5291 conclamata
845 5237 984 5302 brim,
1006 5237 1157 5290 conclamati
1176 5237 1199 5288 0
1282 5252 1385 5302 nanque
1404 5235 1437 5285 M
1521 5242 1583 5285 sunt
1601 5228 1723 5318 namque]
1742 5231 1893 5299 sensimque

244 5362 408 5414 ramosas
472 5361 563 5413 suaso
575 5360 629 5412 nn
721 5358 756 5412 aa
774 5361 923 5413 masam
935 5360 991 5412 uc
1086 5357 1120 5411 aa
1137 5360 1216 5412 aaa
1234 5355 1309 5420 roa
1325 5359 1400 5410 arsa
1413 5357 1438 5408 r
1541 5352 1575 5406 aa
1593 5331 1647 5428 'vite
1662 5331 1724 5406 tiro
1742 5361 1840 5420 semp.
1856 5353 1891 5406 0¹

237 5482 371 5536 racioniO
467 5480 502 5535 25
519 5481 638 5534 501·de
694 5483 808 5550 inpotem
824 5481 849 5532 Τ
946 5479 981 5532 26
998 5481 1110 5534 conditio
1122 5478 1244 5531 LwFP
1340 5475 1374 5528 2?
1392 5475 1614 5529 raciooinautaab
1672 5475 1898 5542 prigrioresqueC

237 5601 273 5655 28
289 5603 448 5670 pheritarum
460 5601 489 5654 F
604 5601 639 5655 29
657 5549 818 5657 dilemntiam
834 5603 856 5654 0
861 5603 868 5633 ¹
989 5597 1024 5653 30
1041 5599 1169 5667 filagrium
1186 5595 1241 5647 Μ’
1323 5596 1427 5663 inspitio
1450 5593 1499 5645 PF
1616 5589 1650 5642 31
1669 5591 1789 5643 omnibus
1807 5607 1856 5642 om.
1870 5589 1899 5640 F

238 5724 297 5791 plna
314 5731 341 5777 te
359 5722 384 5775 U
489 5719 525 5774 32
542 5680 666 5776 foriheeus
685 5723 723 5777 0²
832 5721 867 5776 33
884 5729 1072 5776 consentaneus
1089 5719 1119 5771 F
1184 5691 1339 5771 reserabiles
1356 5715 1385 5767 F
1432 5699 1435 5704 ¹

341 5839 471 5898 Snorns.
1654 5828 1687 5882 16
