<?xml version="1.0" encoding="UTF-8"?>
<!DOCTYPE html PUBLIC "-//W3C//DTD XHTML 1.0 Transitional//EN"
    "http://www.w3.org/TR/xhtml1/DTD/xhtml1-transitional.dtd">
<html xmlns="http://www.w3.org/1999/xhtml" xml:lang="en" lang="en">
 <head>
  <title>
</title>
<meta http-equiv="Content-Type" content="text/html;charset=utf-8" />
  <meta name='ocr-system' content='tesseract 3.04.00' />
  <meta name='ocr-capabilities' content='ocr_page ocr_carea ocr_par ocr_line ocrx_word'/>
</head>
<body>
  <div class='ocr_page' id='page_1' title='image "./monumentagerman03mittgoog/monumentagerman03mittgoog_0117.png"; bbox 0 0 4642 6488; ppageno 0'>
   <div class='ocr_carea' id='block_1_1' title="bbox 440 388 1474 457">
    <p class='ocr_par' dir='ltr' id='par_1_1' title="bbox 440 388 1474 457">
     <span class='ocr_line' id='line_1_1' title="bbox 440 388 1474 457; baseline 0 -13"><span class='ocrx_word' id='word_1_1' title='bbox 440 395 481 457; x_wconf 81' lang='grc'>30</span> <span class='ocrx_word' id='word_1_2' title='bbox 1058 390 1196 444; x_wconf 81' lang='lat' dir='ltr'>SIDONII</span> <span class='ocrx_word' id='word_1_3' title='bbox 1214 388 1474 444; x_wconf 81' lang='lat' dir='ltr'>EPISTULARUM</span> 
     </span>
    </p>
   </div>
   <div class='ocr_carea' id='block_1_2' title="bbox 385 560 2098 2933">
    <p class='ocr_par' dir='ltr' id='par_1_2' title="bbox 385 560 2098 2933">
     <span class='ocr_line' id='line_1_2' title="bbox 438 560 2093 652; baseline 0.002 -26"><span class='ocrx_word' id='word_1_4' title='bbox 438 582 641 649; x_wconf 90' lang='lat' dir='ltr'>quorumque</span> <span class='ocrx_word' id='word_1_5' title='bbox 663 562 813 627; x_wconf 90' lang='lat' dir='ltr'>manibus</span> <span class='ocrx_word' id='word_1_6' title='bbox 838 569 978 648; x_wconf 81' lang='lat' dir='ltr'>excepta</span> <span class='ocrx_word' id='word_1_7' title='bbox 1001 565 1170 650; x_wconf 90' lang='lat' dir='ltr'>perpetuis</span> <span class='ocrx_word' id='word_1_8' title='bbox 1194 563 1328 628; x_wconf 88' lang='lat' dir='ltr'>sedibus</span> <span class='ocrx_word' id='word_1_9' title='bbox 1352 560 1525 627; x_wconf 80' lang='lat' dir='ltr'><strong>dormienti</strong></span> <span class='ocrx_word' id='word_1_10' title='bbox 1542 563 1680 628; x_wconf 85' lang='lat' dir='ltr'>similior</span> <span class='ocrx_word' id='word_1_11' title='bbox 1695 564 1797 628; x_wconf 91' lang='lat' dir='ltr'>inlata</span> <span class='ocrx_word' id='word_1_12' title='bbox 1813 571 1874 629; x_wconf 89' lang='lat' dir='ltr'>est.</span> <span class='ocrx_word' id='word_1_13' title='bbox 1919 572 1994 652; x_wconf 89' lang='lat' dir='ltr'>post</span> <span class='ocrx_word' id='word_1_14' title='bbox 2010 585 2093 650; x_wconf 90' lang='lat' dir='ltr'>quae</span> 
     </span>
     <span class='ocr_line' id='line_1_3' title="bbox 437 666 2093 768; baseline 0.002 -38"><span class='ocrx_word' id='word_1_15' title='bbox 437 672 573 753; x_wconf 87' lang='lat' dir='ltr'>precatu</span> <span class='ocrx_word' id='word_1_16' title='bbox 594 666 741 753; x_wconf 91' lang='lat' dir='ltr'>parentis</span> <span class='ocrx_word' id='word_1_17' title='bbox 773 666 879 730; x_wconf 85' lang='lat' dir='ltr'>orbati</span> <span class='ocrx_word' id='word_1_18' title='bbox 910 668 1041 731; x_wconf 89' lang='lat' dir='ltr'>neniam</span> <span class='ocrx_word' id='word_1_19' title='bbox 1070 668 1248 768; x_wconf 74' lang='lat' dir='ltr'>funebrem</span> <span class='ocrx_word' id='word_1_20' title='bbox 1275 687 1340 731; x_wconf 91' lang='lat' dir='ltr'>non</span> <span class='ocrx_word' id='word_1_21' title='bbox 1375 687 1434 752; x_wconf 92' lang='lat' dir='ltr'>per</span> <span class='ocrx_word' id='word_1_22' title='bbox 1467 668 1581 752; x_wconf 84' lang='lat' dir='ltr'>elegos</span> <span class='ocrx_word' id='word_1_23' title='bbox 1616 666 1674 732; x_wconf 85' lang='lat' dir='ltr'>sed</span> <span class='ocrx_word' id='word_1_24' title='bbox 1707 689 1767 754; x_wconf 92' lang='lat' dir='ltr'>per</span> <span class='ocrx_word' id='word_1_25' title='bbox 1800 667 2093 754; x_wconf 74' lang='lat' dir='ltr'>hendecasyllabos</span> 
     </span>
     <span class='ocr_line' id='line_1_4' title="bbox 440 770 2093 858; baseline 0.002 -24"><span class='ocrx_word' id='word_1_26' title='bbox 440 770 594 834; x_wconf 89' lang='lat' dir='ltr'>marmori</span> <span class='ocrx_word' id='word_1_27' title='bbox 617 770 752 835; x_wconf 87' lang='lat' dir='ltr'>incisam</span> <span class='ocrx_word' id='word_1_28' title='bbox 775 771 910 857; x_wconf 86' lang='lat' dir='ltr'>planctu</span> <span class='ocrx_word' id='word_1_29' title='bbox 933 793 1034 858; x_wconf 86' lang='lat' dir='ltr'>prope</span> <span class='ocrx_word' id='word_1_30' title='bbox 1059 773 1186 838; x_wconf 88' lang='lat' dir='ltr'>calente</span> <span class='ocrx_word' id='word_1_31' title='bbox 1216 770 1346 836; x_wconf 90' lang='lat' dir='ltr'>dictavi.</span> <span class='ocrx_word' id='word_1_32' title='bbox 1399 791 1496 857; x_wconf 90' lang='lat' dir='ltr'>quam</span> <span class='ocrx_word' id='word_1_33' title='bbox 1525 773 1640 836; x_wconf 89' lang='lat' dir='ltr'>sinon</span> <span class='ocrx_word' id='word_1_34' title='bbox 1664 771 1743 836; x_wconf 90' lang='lat' dir='ltr'>satis</span> <span class='ocrx_word' id='word_1_35' title='bbox 1766 770 1949 857; x_wconf 88' lang='lat' dir='ltr'>improbas,</span> <span class='ocrx_word' id='word_1_36' title='bbox 1976 774 2093 838; x_wconf 90' lang='lat' dir='ltr'>ceteris</span> 
     </span>
     <span class='ocr_line' id='line_1_5' title="bbox 437 873 2093 963; baseline 0.001 -24"><span class='ocrx_word' id='word_1_37' title='bbox 437 873 707 962; x_wconf 79' lang='lat' dir='ltr'>epigrammatum</span> <span class='ocrx_word' id='word_1_38' title='bbox 729 893 876 938; x_wconf 87' lang='lat' dir='ltr'>meorum</span> <span class='ocrx_word' id='word_1_39' title='bbox 899 874 1119 940; x_wconf 90' lang='lat' dir='ltr'>voluminibus</span> <span class='ocrx_word' id='word_1_40' title='bbox 1144 873 1371 961; x_wconf 84' lang='lat' dir='ltr'>applicandam</span> <span class='ocrx_word' id='word_1_41' title='bbox 1394 875 1638 939; x_wconf 87' lang='lat' dir='ltr'>mercennarius</span> <span class='ocrx_word' id='word_1_42' title='bbox 1660 874 1852 962; x_wconf 84' lang='lat' dir='ltr'>bybliopola</span> <span class='ocrx_word' id='word_1_43' title='bbox 1868 876 2040 963; x_wconf 88' lang='lat' dir='ltr'>suscipiet;</span> <span class='ocrx_word' id='word_1_44' title='bbox 2066 877 2093 942; x_wconf 93' lang='lat' dir='ltr'>si</span> 
     </span>
     <span class='ocr_line' id='line_1_6' title="bbox 385 975 1924 1066; baseline 0.001 -24"><span class='ocrx_word' id='word_1_45' title='bbox 385 979 404 1042; x_wconf 86' lang='grc'><strong>3</strong></span> <span class='ocrx_word' id='word_1_46' title='bbox 437 977 514 1064; x_wconf 94' lang='lat' dir='ltr'>quid</span> <span class='ocrx_word' id='word_1_47' title='bbox 537 998 643 1059; x_wconf 87' lang='lat' dir='ltr'>secus,</span> <span class='ocrx_word' id='word_1_48' title='bbox 667 975 788 1042; x_wconf 86' lang='lat' dir='ltr'>suffieit</span> <span class='ocrx_word' id='word_1_49' title='bbox 811 998 892 1043; x_wconf 89' lang='lat' dir='ltr'>saxo</span> <span class='ocrx_word' id='word_1_50' title='bbox 916 999 1047 1045; x_wconf 91' lang='lat' dir='ltr'>carmen</span> <span class='ocrx_word' id='word_1_51' title='bbox 1071 1000 1207 1044; x_wconf 86' lang='lat' dir='ltr'>saxeum</span> <span class='ocrx_word' id='word_1_52' title='bbox 1230 976 1401 1044; x_wconf 76' lang='lat' dir='ltr'>contineri.</span> <span class='ocrx_word' id='word_1_53' title='bbox 1446 977 1509 1042; x_wconf 92' lang='lat' dir='ltr'>hoc</span> <span class='ocrx_word' id='word_1_54' title='bbox 1532 978 1619 1044; x_wconf 90' lang='lat' dir='ltr'>enim</span> <span class='ocrx_word' id='word_1_55' title='bbox 1644 979 1833 1066; x_wconf 82' lang='lat' dir='ltr'>epitaphion</span> <span class='ocrx_word' id='word_1_56' title='bbox 1856 986 1924 1044; x_wconf 88' lang='lat' dir='ltr'>est:</span> 
     </span>
     <span class='ocr_line' id='line_1_7' title="bbox 903 1082 1464 1168; baseline 0.002 -23"><span class='ocrx_word' id='word_1_57' title='bbox 903 1082 1031 1149; x_wconf 90' lang='lat' dir='ltr'>Occasu</span> <span class='ocrx_word' id='word_1_58' title='bbox 1055 1083 1154 1149; x_wconf 88' lang='lat' dir='ltr'>celeri</span> <span class='ocrx_word' id='word_1_59' title='bbox 1177 1083 1313 1168; x_wconf 84' lang='lat' dir='ltr'>feroque</span> <span class='ocrx_word' id='word_1_60' title='bbox 1337 1087 1464 1168; x_wconf 87' lang='lat' dir='ltr'>raptam</span> 
     </span>
     <span class='ocr_line' id='line_1_8' title="bbox 902 1187 1572 1274; baseline 0 -21"><span class='ocrx_word' id='word_1_61' title='bbox 902 1189 1010 1272; x_wconf 85' lang='lat' dir='ltr'>gnatis</span> <span class='ocrx_word' id='word_1_62' title='bbox 1033 1189 1176 1274; x_wconf 89' lang='lat' dir='ltr'>quinque</span> <span class='ocrx_word' id='word_1_63' title='bbox 1199 1187 1351 1274; x_wconf 89' lang='lat' dir='ltr'>patrique</span> <span class='ocrx_word' id='word_1_64' title='bbox 1374 1187 1572 1274; x_wconf 84' lang='lat' dir='ltr'>coniugique</span> 
     </span>
     <span class='ocr_line' id='line_1_9' title="bbox 903 1291 1559 1378; baseline -0.002 -23"><span class='ocrx_word' id='word_1_65' title='bbox 903 1291 965 1356; x_wconf 89' lang='lat' dir='ltr'>hoc</span> <span class='ocrx_word' id='word_1_66' title='bbox 988 1291 1096 1356; x_wconf 89' lang='lat' dir='ltr'>flentis</span> <span class='ocrx_word' id='word_1_67' title='bbox 1119 1291 1246 1378; x_wconf 85' lang='lat' dir='ltr'>patriae</span> <span class='ocrx_word' id='word_1_68' title='bbox 1270 1312 1386 1356; x_wconf 89' lang='lat' dir='ltr'>manus</span> <span class='ocrx_word' id='word_1_69' title='bbox 1409 1293 1559 1356; x_wconf 87' lang='lat' dir='ltr'>locarunt</span> 
     </span>
     <span class='ocr_line' id='line_1_10' title="bbox 902 1394 1513 1480; baseline 0.005 -22"><span class='ocrx_word' id='word_1_70' title='bbox 902 1400 1083 1460; x_wconf 91' lang='lat' dir='ltr'>matronam</span> <span class='ocrx_word' id='word_1_71' title='bbox 1106 1394 1305 1458; x_wconf 82' lang='lat' dir='ltr'>Filimatiam</span> <span class='ocrx_word' id='word_1_72' title='bbox 1330 1394 1513 1480; x_wconf 88' lang='lat' dir='ltr'>sepulchro.</span> 
     </span>
     <span class='ocr_line' id='line_1_11' title="bbox 863 1497 1529 1586; baseline 0 -23"><span class='ocrx_word' id='word_1_73' title='bbox 863 1521 875 1556; x_wconf 74' lang='lat' dir='ltr'>a</span> <span class='ocrx_word' id='word_1_74' title='bbox 903 1519 922 1563; x_wconf 93' lang='lat' dir='ltr'>o</span> <span class='ocrx_word' id='word_1_75' title='bbox 946 1497 1098 1586; x_wconf 88' lang='lat' dir='ltr'>splendor</span> <span class='ocrx_word' id='word_1_76' title='bbox 1121 1498 1262 1584; x_wconf 82' lang='lat' dir='ltr'>generis,</span> <span class='ocrx_word' id='word_1_77' title='bbox 1286 1497 1386 1563; x_wconf 88' lang='lat' dir='ltr'>decus</span> <span class='ocrx_word' id='word_1_78' title='bbox 1410 1499 1529 1578; x_wconf 88' lang='lat' dir='ltr'>mariti,</span> 
     </span>
     <span class='ocr_line' id='line_1_12' title="bbox 902 1600 1626 1689; baseline 0.001 -22"><span class='ocrx_word' id='word_1_79' title='bbox 902 1600 1058 1689; x_wconf 89' lang='lat' dir='ltr'>prudens,</span> <span class='ocrx_word' id='word_1_80' title='bbox 1081 1607 1181 1683; x_wconf 88' lang='lat' dir='ltr'>casta,</span> <span class='ocrx_word' id='word_1_81' title='bbox 1206 1601 1337 1684; x_wconf 88' lang='lat' dir='ltr'>decens,</span> <span class='ocrx_word' id='word_1_82' title='bbox 1363 1624 1488 1684; x_wconf 87' lang='lat' dir='ltr'>severa,</span> <span class='ocrx_word' id='word_1_83' title='bbox 1511 1603 1626 1676; x_wconf 80' lang='lat' dir='ltr'>dulcis,</span> 
     </span>
     <span class='ocr_line' id='line_1_13' title="bbox 903 1706 1518 1792; baseline 0.003 -22"><span class='ocrx_word' id='word_1_84' title='bbox 903 1712 1001 1792; x_wconf 88' lang='lat' dir='ltr'>atque</span> <span class='ocrx_word' id='word_1_85' title='bbox 1025 1706 1106 1792; x_wconf 90' lang='lat' dir='ltr'>ipsis</span> <span class='ocrx_word' id='word_1_86' title='bbox 1131 1706 1316 1771; x_wconf 90' lang='lat' dir='ltr'>senioribus</span> <span class='ocrx_word' id='word_1_87' title='bbox 1341 1707 1518 1792; x_wconf 89' lang='lat' dir='ltr'>sequenda,</span> 
     </span>
     <span class='ocr_line' id='line_1_14' title="bbox 904 1809 1498 1899; baseline 0.003 -25"><span class='ocrx_word' id='word_1_88' title='bbox 904 1809 1128 1877; x_wconf 85' lang='lat' dir='ltr'>discordantia</span> <span class='ocrx_word' id='word_1_89' title='bbox 1151 1831 1235 1896; x_wconf 91' lang='lat' dir='ltr'>quae</span> <span class='ocrx_word' id='word_1_90' title='bbox 1260 1811 1368 1876; x_wconf 86' lang='lat' dir='ltr'>solent</span> <span class='ocrx_word' id='word_1_91' title='bbox 1391 1813 1498 1899; x_wconf 89' lang='lat' dir='ltr'>putari</span> 
     </span>
     <span class='ocr_line' id='line_1_15' title="bbox 904 1913 1485 2002; baseline 0.003 -25"><span class='ocrx_word' id='word_1_92' title='bbox 904 1935 1031 1979; x_wconf 90' lang='lat' dir='ltr'>morum</span> <span class='ocrx_word' id='word_1_93' title='bbox 1054 1913 1285 1980; x_wconf 88' lang='lat' dir='ltr'>commoditate</span> <span class='ocrx_word' id='word_1_94' title='bbox 1310 1915 1485 2002; x_wconf 82' lang='lat' dir='ltr'>copulasti:</span> 
     </span>
     <span class='ocr_line' id='line_1_16' title="bbox 854 2019 1537 2086; baseline 0.009 -9"><span class='ocrx_word' id='word_1_95' title='bbox 854 2039 878 2078; x_wconf 88' lang='grc' dir='ltr'>ιο</span> <span class='ocrx_word' id='word_1_96' title='bbox 903 2039 980 2083; x_wconf 88' lang='lat' dir='ltr'>nam</span> <span class='ocrx_word' id='word_1_97' title='bbox 1002 2019 1089 2083; x_wconf 88' lang='lat' dir='ltr'>vitae</span> <span class='ocrx_word' id='word_1_98' title='bbox 1113 2019 1248 2084; x_wconf 90' lang='lat' dir='ltr'>comites</span> <span class='ocrx_word' id='word_1_99' title='bbox 1272 2019 1378 2084; x_wconf 91' lang='lat' dir='ltr'>bonae</span> <span class='ocrx_word' id='word_1_100' title='bbox 1402 2019 1537 2086; x_wconf 88' lang='lat' dir='ltr'>luerunt</span> 
     </span>
     <span class='ocr_line' id='line_1_17' title="bbox 905 2120 1516 2208; baseline 0.005 -23"><span class='ocrx_word' id='word_1_101' title='bbox 905 2120 1040 2188; x_wconf 87' lang='lat' dir='ltr'>libertas</span> <span class='ocrx_word' id='word_1_102' title='bbox 1063 2122 1172 2208; x_wconf 89' lang='lat' dir='ltr'>gravis</span> <span class='ocrx_word' id='word_1_103' title='bbox 1197 2128 1230 2187; x_wconf 92' lang='lat' dir='ltr'>et</span> <span class='ocrx_word' id='word_1_104' title='bbox 1252 2121 1357 2208; x_wconf 92' lang='lat' dir='ltr'>pudor</span> <span class='ocrx_word' id='word_1_105' title='bbox 1378 2123 1516 2188; x_wconf 86' lang='lat' dir='ltr'>facetus.</span> 
     </span>
     <span class='ocr_line' id='line_1_18' title="bbox 905 2223 1576 2311; baseline -0.003 -21"><span class='ocrx_word' id='word_1_106' title='bbox 905 2225 982 2290; x_wconf 91' lang='lat' dir='ltr'>hinc</span> <span class='ocrx_word' id='word_1_107' title='bbox 1006 2223 1168 2311; x_wconf 91' lang='lat' dir='ltr'>estquod</span> <span class='ocrx_word' id='word_1_108' title='bbox 1192 2225 1352 2291; x_wconf 88' lang='lat' dir='ltr'>decimam</span> <span class='ocrx_word' id='word_1_109' title='bbox 1375 2234 1452 2291; x_wconf 89' lang='lat' dir='ltr'>tuae</span> <span class='ocrx_word' id='word_1_110' title='bbox 1477 2227 1576 2292; x_wconf 89' lang='lat' dir='ltr'>saluti</span> 
     </span>
     <span class='ocr_line' id='line_1_19' title="bbox 904 2329 1487 2396; baseline 0.009 -5"><span class='ocrx_word' id='word_1_111' title='bbox 904 2330 960 2392; x_wconf 88' lang='lat' dir='ltr'>vix</span> <span class='ocrx_word' id='word_1_112' title='bbox 984 2334 1090 2393; x_wconf 91' lang='lat' dir='ltr'>actam</span> <span class='ocrx_word' id='word_1_113' title='bbox 1113 2329 1315 2395; x_wconf 88' lang='lat' dir='ltr'>trieteridem</span> <span class='ocrx_word' id='word_1_114' title='bbox 1338 2329 1487 2396; x_wconf 89' lang='lat' dir='ltr'>dolemus</span> 
     </span>
     <span class='ocr_line' id='line_1_20' title="bbox 905 2432 1547 2520; baseline 0 -24"><span class='ocrx_word' id='word_1_115' title='bbox 905 2438 1003 2516; x_wconf 89' lang='lat' dir='ltr'>atque</span> <span class='ocrx_word' id='word_1_116' title='bbox 1026 2433 1060 2496; x_wconf 93' lang='lat' dir='ltr'>in</span> <span class='ocrx_word' id='word_1_117' title='bbox 1082 2432 1287 2518; x_wconf 90' lang='lat' dir='ltr'>temporibus</span> <span class='ocrx_word' id='word_1_118' title='bbox 1310 2435 1452 2520; x_wconf 88' lang='lat' dir='ltr'>vigentis</span> <span class='ocrx_word' id='word_1_119' title='bbox 1475 2435 1547 2500; x_wconf 91' lang='lat' dir='ltr'>aevi</span> 
     </span>
     <span class='ocr_line' id='line_1_21' title="bbox 856 2534 1419 2624; baseline 0.014 -29"><span class='ocrx_word' id='word_1_120' title='bbox 856 2556 879 2595; x_wconf 82' lang='grc' dir='ltr'>ιι</span> <span class='ocrx_word' id='word_1_121' title='bbox 905 2535 1024 2600; x_wconf 89' lang='lat' dir='ltr'>iniuste</span> <span class='ocrx_word' id='word_1_122' title='bbox 1047 2534 1108 2600; x_wconf 93' lang='lat' dir='ltr'>tibi</span> <span class='ocrx_word' id='word_1_123' title='bbox 1131 2537 1218 2600; x_wconf 89' lang='lat' dir='ltr'>iusta</span> <span class='ocrx_word' id='word_1_124' title='bbox 1241 2538 1419 2624; x_wconf 90' lang='lat' dir='ltr'>persoluta.</span> 
     </span>
     <span class='ocr_line' id='line_1_22' title="bbox 550 2637 2098 2728; baseline -0.001 -25"><span class='ocrx_word' id='word_1_125' title='bbox 550 2638 687 2705; x_wconf 88' lang='lat' dir='ltr'>Placeat</span> <span class='ocrx_word' id='word_1_126' title='bbox 715 2657 846 2705; x_wconf 90' lang='lat' dir='ltr'>carmen</span> <span class='ocrx_word' id='word_1_127' title='bbox 877 2659 1000 2704; x_wconf 91' lang='lat' dir='ltr'>necne:</span> <span class='ocrx_word' id='word_1_128' title='bbox 1034 2645 1072 2704; x_wconf 91' lang='lat' dir='ltr'>tu</span> <span class='ocrx_word' id='word_1_129' title='bbox 1101 2661 1242 2727; x_wconf 89' lang='lat' dir='ltr'>propera</span> <span class='ocrx_word' id='word_1_130' title='bbox 1274 2642 1506 2728; x_wconf 77' lang='lat' dir='ltr'>civitatemque</span> <span class='ocrx_word' id='word_1_131' title='bbox 1536 2641 1677 2706; x_wconf 83' lang='lat' dir='ltr'>festinus</span> <span class='ocrx_word' id='word_1_132' title='bbox 1705 2638 1821 2704; x_wconf 86' lang='lat' dir='ltr'>invise.</span> <span class='ocrx_word' id='word_1_133' title='bbox 1877 2637 1980 2716; x_wconf 88' lang='lat' dir='ltr'>debes</span> <span class='ocrx_word' id='word_1_134' title='bbox 2011 2638 2098 2703; x_wconf 87' lang='lat' dir='ltr'>enirn</span> 
     </span>
     <span class='ocr_line' id='line_1_23' title="bbox 441 2740 2097 2830; baseline -0.002 -22"><span class='ocrx_word' id='word_1_135' title='bbox 441 2741 677 2808; x_wconf 83' lang='lat' dir='ltr'>consolationis</span> <span class='ocrx_word' id='word_1_136' title='bbox 700 2741 844 2808; x_wconf 87' lang='lat' dir='ltr'>officium</span> <span class='ocrx_word' id='word_1_137' title='bbox 866 2741 1004 2808; x_wconf 92' lang='lat' dir='ltr'>duorum</span> <span class='ocrx_word' id='word_1_138' title='bbox 1028 2743 1147 2808; x_wconf 89' lang='lat' dir='ltr'>civium</span> <span class='ocrx_word' id='word_1_139' title='bbox 1171 2744 1322 2810; x_wconf 91' lang='lat' dir='ltr'>domibus</span> <span class='ocrx_word' id='word_1_140' title='bbox 1346 2746 1487 2812; x_wconf 86' lang='lat' dir='ltr'>afflictis.</span> <span class='ocrx_word' id='word_1_141' title='bbox 1532 2743 1619 2830; x_wconf 89' lang='lat' dir='ltr'>quod</span> <span class='ocrx_word' id='word_1_142' title='bbox 1641 2744 1687 2808; x_wconf 89' lang='lat' dir='ltr'>ita</span> <span class='ocrx_word' id='word_1_143' title='bbox 1710 2744 1819 2808; x_wconf 89' lang='lat' dir='ltr'>solvas</span> <span class='ocrx_word' id='word_1_144' title='bbox 1841 2740 1940 2807; x_wconf 91' lang='lat' dir='ltr'>deum</span> <span class='ocrx_word' id='word_1_145' title='bbox 1963 2761 2097 2827; x_wconf 89' lang='lat' dir='ltr'>quaeso,</span> 
     </span>
     <span class='ocr_line' id='line_1_24' title="bbox 440 2845 1115 2933; baseline 0.003 -23"><span class='ocrx_word' id='word_1_146' title='bbox 440 2867 481 2912; x_wconf 88' lang='lat' dir='ltr'>ne</span> <span class='ocrx_word' id='word_1_147' title='bbox 503 2866 658 2933; x_wconf 88' lang='lat' dir='ltr'>umquam</span> <span class='ocrx_word' id='word_1_148' title='bbox 680 2845 741 2911; x_wconf 91' lang='lat' dir='ltr'>tibi</span> <span class='ocrx_word' id='word_1_149' title='bbox 765 2845 987 2912; x_wconf 87' lang='lat' dir='ltr'>redhibeatur.</span> <span class='ocrx_word' id='word_1_150' title='bbox 1033 2848 1115 2912; x_wconf 88' lang='lat' dir='ltr'>vale.</span> 
     </span>
    </p>
   </div>
   <div class='ocr_carea' id='block_1_3' title="bbox 876 3038 1664 3239">
    <p class='ocr_par' dir='ltr' id='par_1_3' title="bbox 876 3038 1664 3239">
     <span class='ocr_line' id='line_1_25' title="bbox 1240 3038 1302 3104; baseline 0.032 -2"><span class='ocrx_word' id='word_1_151' title='bbox 1240 3038 1302 3104; x_wconf 90' lang='lat' dir='ltr'>IX.</span> 
     </span>
     <span class='ocr_line' id='line_1_26' title="bbox 876 3171 1664 3239; baseline 0.001 -3"><span class='ocrx_word' id='word_1_152' title='bbox 876 3171 1088 3238; x_wconf 80' lang='lat' dir='ltr'>SIDONIUS</span> <span class='ocrx_word' id='word_1_153' title='bbox 1111 3172 1305 3239; x_wconf 88' lang='lat' dir='ltr'><strong>DONIDIO</strong></span> <span class='ocrx_word' id='word_1_154' title='bbox 1331 3173 1416 3239; x_wconf 83' lang='lat' dir='ltr'>SUO</span> <span class='ocrx_word' id='word_1_155' title='bbox 1441 3172 1664 3238; x_wconf 77' lang='lat' dir='ltr'><strong>SALUTEM.</strong></span> 
     </span>
    </p>
   </div>
   <div class='ocr_carea' id='block_1_4' title="bbox 390 3288 2101 4240">
    <p class='ocr_par' dir='ltr' id='par_1_4' title="bbox 390 3288 2101 4240">
     <span class='ocr_line' id='line_1_27' title="bbox 391 3288 2098 3408; baseline -0.004 -22"><span class='ocrx_word' id='word_1_156' title='bbox 391 3317 403 3374; x_wconf 83' lang='lat'><strong>¹</strong></span> <span class='ocrx_word' id='word_1_157' title='bbox 548 3288 716 3403; x_wconf 77' lang='lat' dir='ltr'>Quassus,</span> <span class='ocrx_word' id='word_1_158' title='bbox 746 3342 804 3384; x_wconf 88' lang='lat' dir='ltr'>cur</span> <span class='ocrx_word' id='word_1_159' title='bbox 831 3319 902 3406; x_wconf 90' lang='lat' dir='ltr'>ipse</span> <span class='ocrx_word' id='word_1_160' title='bbox 931 3319 1124 3406; x_wconf 88' lang='lat' dir='ltr'>iampridem</span> <span class='ocrx_word' id='word_1_161' title='bbox 1151 3320 1354 3386; x_wconf 87' lang='lat' dir='ltr'>Nemausum</span> <span class='ocrx_word' id='word_1_162' title='bbox 1381 3321 1548 3408; x_wconf 87' lang='lat' dir='ltr'>profectus</span> <span class='ocrx_word' id='word_1_163' title='bbox 1572 3326 1682 3385; x_wconf 88' lang='lat' dir='ltr'>vestra</span> <span class='ocrx_word' id='word_1_164' title='bbox 1710 3339 1820 3384; x_wconf 88' lang='lat' dir='ltr'>serum</span> <span class='ocrx_word' id='word_1_165' title='bbox 1852 3317 1892 3381; x_wconf 94' lang='lat' dir='ltr'>ob</span> <span class='ocrx_word' id='word_1_166' title='bbox 1923 3314 2098 3381; x_wconf 87' lang='lat' dir='ltr'>adventum</span> 
     </span>
     <span class='ocr_line' id='line_1_28' title="bbox 440 3418 2099 3511; baseline -0.003 -23"><span class='ocrx_word' id='word_1_167' title='bbox 440 3421 604 3488; x_wconf 88' lang='lat' dir='ltr'>desideria</span> <span class='ocrx_word' id='word_1_168' title='bbox 627 3422 815 3511; x_wconf 89' lang='lat' dir='ltr'>producam.</span> <span class='ocrx_word' id='word_1_169' title='bbox 861 3421 961 3489; x_wconf 90' lang='lat' dir='ltr'>reddo</span> <span class='ocrx_word' id='word_1_170' title='bbox 985 3445 1101 3489; x_wconf 89' lang='lat' dir='ltr'>causas</span> <span class='ocrx_word' id='word_1_171' title='bbox 1124 3422 1249 3490; x_wconf 90' lang='lat' dir='ltr'>reditus</span> <span class='ocrx_word' id='word_1_172' title='bbox 1280 3425 1432 3490; x_wconf 91' lang='lat' dir='ltr'>tardioris</span> <span class='ocrx_word' id='word_1_173' title='bbox 1462 3447 1523 3490; x_wconf 91' lang='lat' dir='ltr'>nec</span> <span class='ocrx_word' id='word_1_174' title='bbox 1555 3444 1663 3489; x_wconf 92' lang='lat' dir='ltr'>moras</span> <span class='ocrx_word' id='word_1_175' title='bbox 1692 3443 1783 3488; x_wconf 90' lang='lat' dir='ltr'>meas</span> <span class='ocrx_word' id='word_1_176' title='bbox 1812 3418 1951 3507; x_wconf 90' lang='lat' dir='ltr'>prodere</span> <span class='ocrx_word' id='word_1_177' title='bbox 1979 3441 2099 3502; x_wconf 91' lang='lat' dir='ltr'>moror,</span> 
     </span>
     <span class='ocr_line' id='line_1_29' title="bbox 443 3524 2097 3616; baseline -0.001 -25"><span class='ocrx_word' id='word_1_178' title='bbox 443 3527 519 3612; x_wconf 88' lang='lat' dir='ltr'>quia</span> <span class='ocrx_word' id='word_1_179' title='bbox 550 3548 634 3614; x_wconf 91' lang='lat' dir='ltr'>quae</span> <span class='ocrx_word' id='word_1_180' title='bbox 668 3527 748 3592; x_wconf 92' lang='lat' dir='ltr'>mihi</span> <span class='ocrx_word' id='word_1_181' title='bbox 777 3527 886 3593; x_wconf 89' lang='lat' dir='ltr'>dulcia</span> <span class='ocrx_word' id='word_1_182' title='bbox 917 3535 994 3594; x_wconf 93' lang='lat' dir='ltr'>sunt</span> <span class='ocrx_word' id='word_1_183' title='bbox 1026 3529 1085 3594; x_wconf 92' lang='lat' dir='ltr'>tibi</span> <span class='ocrx_word' id='word_1_184' title='bbox 1114 3552 1254 3616; x_wconf 89' lang='lat' dir='ltr'>quoque.</span> <span class='ocrx_word' id='word_1_185' title='bbox 1308 3531 1394 3595; x_wconf 90' lang='lat' dir='ltr'>inter</span> <span class='ocrx_word' id='word_1_186' title='bbox 1427 3551 1523 3616; x_wconf 84' lang='lat' dir='ltr'>agros</span> <span class='ocrx_word' id='word_1_187' title='bbox 1558 3528 1809 3593; x_wconf 89' lang='lat' dir='ltr'>amoenissimos</span> <span class='ocrx_word' id='word_1_188' title='bbox 1843 3524 2097 3589; x_wconf 90' lang='lat' dir='ltr'>humanissimos</span> 
     </span>
     <span class='ocr_line' id='line_1_30' title="bbox 394 3615 2099 3720; baseline -0.001 -26"><span class='ocrx_word' id='word_1_189' title='bbox 394 3615 397 3624; x_wconf 67' lang='grc'><strong><em>’</em></strong></span> <span class='ocrx_word' id='word_1_190' title='bbox 442 3628 601 3711; x_wconf 88' lang='lat' dir='ltr'>dominos,</span> <span class='ocrx_word' id='word_1_191' title='bbox 624 3631 816 3697; x_wconf 79' lang='lat' dir='ltr'>Ferreolum</span> <span class='ocrx_word' id='word_1_192' title='bbox 840 3639 873 3697; x_wconf 92' lang='lat' dir='ltr'>et</span> <span class='ocrx_word' id='word_1_193' title='bbox 897 3633 1136 3718; x_wconf 83' lang='lat' dir='ltr'>Apollinarem,</span> <span class='ocrx_word' id='word_1_194' title='bbox 1160 3641 1288 3720; x_wconf 91' lang='lat' dir='ltr'>tempus</span> <span class='ocrx_word' id='word_1_195' title='bbox 1312 3633 1637 3720; x_wconf 85' lang='lat' dir='ltr'>voluptuosissimum</span> <span class='ocrx_word' id='word_1_196' title='bbox 1661 3631 1771 3716; x_wconf 87' lang='lat' dir='ltr'>exegi.</span> <span class='ocrx_word' id='word_1_197' title='bbox 1815 3627 2024 3717; x_wconf 90' lang='lat' dir='ltr'>praediorum</span> <span class='ocrx_word' id='word_1_198' title='bbox 2046 3627 2099 3692; x_wconf 90' lang='lat' dir='ltr'>his</span> 
     </span>
     <span class='ocr_line' id='line_1_31' title="bbox 441 3734 2099 3824; baseline -0.001 -25"><span class='ocrx_word' id='word_1_199' title='bbox 441 3734 512 3800; x_wconf 91' lang='lat' dir='ltr'>iura</span> <span class='ocrx_word' id='word_1_200' title='bbox 548 3737 767 3816; x_wconf 87' lang='lat' dir='ltr'>contermina,</span> <span class='ocrx_word' id='word_1_201' title='bbox 801 3735 968 3801; x_wconf 88' lang='lat' dir='ltr'>domicilia</span> <span class='ocrx_word' id='word_1_202' title='bbox 995 3737 1115 3818; x_wconf 83' lang='lat' dir='ltr'>vicina,</span> <span class='ocrx_word' id='word_1_203' title='bbox 1151 3739 1269 3824; x_wconf 89' lang='lat' dir='ltr'>quibus</span> <span class='ocrx_word' id='word_1_204' title='bbox 1304 3739 1477 3803; x_wconf 90' lang='lat' dir='ltr'>interiecta</span> <span class='ocrx_word' id='word_1_205' title='bbox 1507 3738 1648 3824; x_wconf 85' lang='lat' dir='ltr'>gestatio</span> <span class='ocrx_word' id='word_1_206' title='bbox 1683 3735 1828 3822; x_wconf 90' lang='lat' dir='ltr'>peditem</span> <span class='ocrx_word' id='word_1_207' title='bbox 1861 3735 1963 3798; x_wconf 85' lang='lat' dir='ltr'>lasset</span> <span class='ocrx_word' id='word_1_208' title='bbox 1992 3753 2099 3818; x_wconf 85' lang='lat' dir='ltr'>neque</span> 
     </span>
     <span class='ocr_line' id='line_1_32' title="bbox 441 3835 2099 3929; baseline -0.001 -27"><span class='ocrx_word' id='word_1_209' title='bbox 441 3837 561 3904; x_wconf 87' lang='lat' dir='ltr'>suflicit</span> <span class='ocrx_word' id='word_1_210' title='bbox 593 3839 789 3925; x_wconf 89' lang='lat' dir='ltr'>equitaturo.</span> <span class='ocrx_word' id='word_1_211' title='bbox 847 3841 948 3905; x_wconf 89' lang='lat' dir='ltr'>colles</span> <span class='ocrx_word' id='word_1_212' title='bbox 979 3840 1117 3907; x_wconf 89' lang='lat' dir='ltr'>aedibus</span> <span class='ocrx_word' id='word_1_213' title='bbox 1153 3843 1338 3929; x_wconf 90' lang='lat' dir='ltr'>superiores</span> <span class='ocrx_word' id='word_1_214' title='bbox 1373 3847 1571 3907; x_wconf 85' lang='lat' dir='ltr'>exercentur</span> <span class='ocrx_word' id='word_1_215' title='bbox 1601 3839 1731 3905; x_wconf 91' lang='lat' dir='ltr'>vinitori</span> <span class='ocrx_word' id='word_1_216' title='bbox 1761 3844 1795 3903; x_wconf 90' lang='lat' dir='ltr'>et</span> <span class='ocrx_word' id='word_1_217' title='bbox 1823 3835 1978 3900; x_wconf 86' lang='lat' dir='ltr'>olivitori:</span> <span class='ocrx_word' id='word_1_218' title='bbox 2015 3836 2099 3900; x_wconf 87' lang='lat' dir='ltr'>Ara·</span> 
     </span>
     <span class='ocr_line' id='line_1_33' title="bbox 441 3939 2100 4031; baseline -0.003 -23"><span class='ocrx_word' id='word_1_219' title='bbox 441 3944 596 4026; x_wconf 84' lang='lat' dir='ltr'>cyathum</span> <span class='ocrx_word' id='word_1_220' title='bbox 618 3949 652 4008; x_wconf 87' lang='lat' dir='ltr'>et</span> <span class='ocrx_word' id='word_1_221' title='bbox 675 3942 810 4028; x_wconf 88' lang='lat' dir='ltr'>Nysam,</span> <span class='ocrx_word' id='word_1_222' title='bbox 834 3944 1000 4009; x_wconf 88' lang='lat' dir='ltr'>celebrata</span> <span class='ocrx_word' id='word_1_223' title='bbox 1023 3952 1193 4031; x_wconf 89' lang='lat' dir='ltr'>poetarum</span> <span class='ocrx_word' id='word_1_224' title='bbox 1216 3946 1415 4012; x_wconf 88' lang='lat' dir='ltr'>carminibus</span> <span class='ocrx_word' id='word_1_225' title='bbox 1438 3947 1525 4031; x_wconf 86' lang='lat' dir='ltr'>iuga,</span> <span class='ocrx_word' id='word_1_226' title='bbox 1550 3965 1695 4010; x_wconf 89' lang='lat' dir='ltr'>censeas.</span> <span class='ocrx_word' id='word_1_227' title='bbox 1740 3942 1798 4006; x_wconf 88' lang='lat' dir='ltr'>uni</span> <span class='ocrx_word' id='word_1_228' title='bbox 1821 3939 1936 4008; x_wconf 91' lang='lat' dir='ltr'>domui</span> <span class='ocrx_word' id='word_1_229' title='bbox 1954 3940 1987 4003; x_wconf 92' lang='lat' dir='ltr'>in</span> <span class='ocrx_word' id='word_1_230' title='bbox 2001 3940 2100 4027; x_wconf 88' lang='lat' dir='ltr'>plana</span> 
     </span>
     <span class='ocr_line' id='line_1_34' title="bbox 441 4043 2101 4137; baseline -0.003 -27"><span class='ocrx_word' id='word_1_231' title='bbox 441 4045 668 4132; x_wconf 89' lang='lat' dir='ltr'>patentiaque,</span> <span class='ocrx_word' id='word_1_232' title='bbox 702 4047 798 4111; x_wconf 89' lang='lat' dir='ltr'>alteri</span> <span class='ocrx_word' id='word_1_233' title='bbox 827 4047 861 4110; x_wconf 92' lang='lat' dir='ltr'>in</span> <span class='ocrx_word' id='word_1_234' title='bbox 889 4067 1024 4112; x_wconf 90' lang='lat' dir='ltr'>nemora</span> <span class='ocrx_word' id='word_1_235' title='bbox 1056 4057 1267 4137; x_wconf 89' lang='lat' dir='ltr'>prospectus,</span> <span class='ocrx_word' id='word_1_236' title='bbox 1304 4050 1364 4115; x_wconf 90' lang='lat' dir='ltr'>sed</span> <span class='ocrx_word' id='word_1_237' title='bbox 1397 4049 1609 4115; x_wconf 87' lang='lat' dir='ltr'>nihilominus</span> <span class='ocrx_word' id='word_1_238' title='bbox 1638 4045 1804 4112; x_wconf 90' lang='lat' dir='ltr'>dissimilis</span> <span class='ocrx_word' id='word_1_239' title='bbox 1835 4046 1917 4112; x_wconf 92' lang='lat' dir='ltr'>situs</span> <span class='ocrx_word' id='word_1_240' title='bbox 1949 4043 2101 4109; x_wconf 90' lang='lat' dir='ltr'>similiter</span> 
     </span>
     <span class='ocr_line' id='line_1_35' title="bbox 390 4145 2099 4240; baseline -0.002 -28"><span class='ocrx_word' id='word_1_241' title='bbox 390 4150 409 4211; x_wconf 80' lang='lat'>2</span> <span class='ocrx_word' id='word_1_242' title='bbox 442 4149 594 4216; x_wconf 91' lang='lat' dir='ltr'>oblectat.</span> <span class='ocrx_word' id='word_1_243' title='bbox 640 4169 834 4236; x_wconf 89' lang='lat' dir='ltr'>quamquam</span> <span class='ocrx_word' id='word_1_244' title='bbox 859 4149 899 4215; x_wconf 88' lang='lat' dir='ltr'>de</span> <span class='ocrx_word' id='word_1_245' title='bbox 922 4151 1129 4236; x_wconf 90' lang='lat' dir='ltr'>praediorum</span> <span class='ocrx_word' id='word_1_246' title='bbox 1159 4154 1237 4239; x_wconf 91' lang='lat' dir='ltr'>qnid</span> <span class='ocrx_word' id='word_1_247' title='bbox 1264 4175 1350 4218; x_wconf 90' lang='lat' dir='ltr'>nunc</span> <span class='ocrx_word' id='word_1_248' title='bbox 1378 4152 1518 4240; x_wconf 90' lang='lat' dir='ltr'>amplius</span> <span class='ocrx_word' id='word_1_249' title='bbox 1548 4151 1727 4239; x_wconf 90' lang='lat' dir='ltr'>positione,</span> <span class='ocrx_word' id='word_1_250' title='bbox 1757 4171 1831 4216; x_wconf 89' lang='lat' dir='ltr'>cum</span> <span class='ocrx_word' id='word_1_251' title='bbox 1859 4152 1964 4214; x_wconf 86' lang='lat' dir='ltr'>restet</span> <span class='ocrx_word' id='word_1_252' title='bbox 1985 4145 2099 4232; x_wconf 81' lang='lat' dir='ltr'>hospi-</span> 
     </span>
    </p>
   </div>
   <div class='ocr_carea' id='block_1_5' title="bbox 440 4370 2106 5771">
    <p class='ocr_par' dir='ltr' id='par_1_5' title="bbox 440 4370 2106 5771">
     <span class='ocr_line' id='line_1_36' title="bbox 546 4370 2100 4445; baseline -0.003 -19"><span class='ocrx_word' id='word_1_253' title='bbox 546 4372 561 4426; x_wconf 96' lang='grc'><strong>1</strong></span> <span class='ocrx_word' id='word_1_254' title='bbox 590 4375 738 4428; x_wconf 65' lang='lat' dir='ltr'>domantia</span> <span class='ocrx_word' id='word_1_255' title='bbox 765 4374 789 4440; x_wconf 85' lang='lat' dir='ltr'>(a</span> <span class='ocrx_word' id='word_1_256' title='bbox 809 4393 877 4429; x_wconf 77' lang='lat' dir='ltr'>arca.</span> <span class='ocrx_word' id='word_1_257' title='bbox 897 4373 946 4442; x_wconf 84' lang='lat'>0²)</span> <span class='ocrx_word' id='word_1_258' title='bbox 971 4374 995 4429; x_wconf 83' lang='lat'><em>0</em></span> <span class='ocrx_word' id='word_1_259' title='bbox 1095 4379 1166 4430; x_wconf 81' lang='lat' dir='ltr'>illata</span> <span class='ocrx_word' id='word_1_260' title='bbox 1175 4375 1306 4430; x_wconf 68' lang='lat' dir='ltr'>Minna</span> <span class='ocrx_word' id='word_1_261' title='bbox 1447 4377 1464 4428; x_wconf 80' lang='lat'><strong>2</strong></span> <span class='ocrx_word' id='word_1_262' title='bbox 1491 4373 1646 4445; x_wconf 81' lang='lat' dir='ltr'>elegatoaG</span> <span class='ocrx_word' id='word_1_263' title='bbox 1747 4391 1792 4443; x_wconf 88' lang='lat' dir='ltr'>par</span> <span class='ocrx_word' id='word_1_264' title='bbox 1809 4370 1893 4426; x_wconf 70' lang='lat' dir='ltr'>onai)</span> <span class='ocrx_word' id='word_1_265' title='bbox 1994 4371 2100 4424; x_wconf 86' lang='lat' dir='ltr'>endeca-</span> 
     </span>
     <span class='ocr_line' id='line_1_37' title="bbox 443 4489 2103 4567; baseline -0.004 -18"><span class='ocrx_word' id='word_1_266' title='bbox 443 4495 557 4564; x_wconf 80' lang='lat' dir='ltr'>syllabus</span> <span class='ocrx_word' id='word_1_267' title='bbox 575 4494 614 4563; x_wconf 73' lang='lat' dir='ltr'>Ia,</span> <span class='ocrx_word' id='word_1_268' title='bbox 645 4497 845 4550; x_wconf 81' lang='lat' dir='ltr'>endecasillaboa</span> <span class='ocrx_word' id='word_1_269' title='bbox 866 4493 1000 4550; x_wconf 74' lang='lat' dir='ltr'>MauFP</span> <span class='ocrx_word' id='word_1_270' title='bbox 1134 4496 1151 4550; x_wconf 90' lang='grc'>3</span> <span class='ocrx_word' id='word_1_271' title='bbox 1177 4500 1280 4567; x_wconf 74' lang='lat' dir='ltr'>plancta</span> <span class='ocrx_word' id='word_1_272' title='bbox 1304 4499 1328 4550; x_wconf 82' lang='lat' dir='ltr'><em>L</em></span> <span class='ocrx_word' id='word_1_273' title='bbox 1464 4497 1719 4566; x_wconf 82' lang='lat' dir='ltr'>4epygrammatum</span> <span class='ocrx_word' id='word_1_274' title='bbox 1745 4493 1782 4547; x_wconf 82' lang='lat' dir='ltr'><strong><em>M</em></strong></span> <span class='ocrx_word' id='word_1_275' title='bbox 1874 4493 2058 4547; x_wconf 82' lang='lat' dir='ltr'>mercernarius</span> <span class='ocrx_word' id='word_1_276' title='bbox 2077 4489 2103 4541; x_wconf 89' lang='lat' dir='ltr'><em>P</em></span> 
     </span>
     <span class='ocr_line' id='line_1_38' title="bbox 445 4607 2105 4687; baseline -0.004 -19"><span class='ocrx_word' id='word_1_277' title='bbox 445 4615 583 4683; x_wconf 82' lang='lat' dir='ltr'>bibliopola</span> <span class='ocrx_word' id='word_1_278' title='bbox 602 4614 720 4682; x_wconf 79' lang='lat' dir='ltr'><em>MTPP,</em></span> <span class='ocrx_word' id='word_1_279' title='bbox 738 4617 904 4685; x_wconf 84' lang='lat' dir='ltr'>bibliopolam</span> <span class='ocrx_word' id='word_1_280' title='bbox 922 4615 960 4682; x_wconf 91' lang='grc' dir='ltr'>(ιιι</span> <span class='ocrx_word' id='word_1_281' title='bbox 977 4633 1043 4669; x_wconf 79' lang='lat' dir='ltr'>arua</span> <span class='ocrx_word' id='word_1_282' title='bbox 1064 4617 1146 4685; x_wconf 57' lang='grc' dir='ltr'>ΟΨ,1</span> <span class='ocrx_word' id='word_1_283' title='bbox 1245 4618 1263 4672; x_wconf 80' lang='lat'>5</span> <span class='ocrx_word' id='word_1_284' title='bbox 1280 4619 1444 4687; x_wconf 87' lang='lat' dir='ltr'>epithaphion</span> <span class='ocrx_word' id='word_1_285' title='bbox 1453 4619 1485 4682; x_wconf 88' lang='lat' dir='ltr'>L,</span> <span class='ocrx_word' id='word_1_286' title='bbox 1503 4619 1659 4687; x_wconf 88' lang='lat' dir='ltr'>epytaphion</span> <span class='ocrx_word' id='word_1_287' title='bbox 1679 4617 1705 4681; x_wconf 80' lang='lat'>0,</span> <span class='ocrx_word' id='word_1_288' title='bbox 1723 4617 1844 4685; x_wconf 83' lang='lat' dir='ltr'>epitafion</span> <span class='ocrx_word' id='word_1_289' title='bbox 1862 4613 1895 4681; x_wconf 82' lang='lat' dir='ltr'>F,</span> <span class='ocrx_word' id='word_1_290' title='bbox 1918 4615 2047 4681; x_wconf 76' lang='lat' dir='ltr'>epytaliou</span> <span class='ocrx_word' id='word_1_291' title='bbox 2068 4607 2105 4661; x_wconf 87' lang='grc' dir='ltr'><strong>Μ</strong></span> 
     </span>
     <span class='ocr_line' id='line_1_39' title="bbox 447 4696 2103 4807; baseline -0.004 -17"><span class='ocrx_word' id='word_1_292' title='bbox 447 4754 473 4790; x_wconf 83' lang='lat' dir='ltr'>v.</span> <span class='ocrx_word' id='word_1_293' title='bbox 490 4734 508 4789; x_wconf 75' lang='lat'>2</span> <span class='ocrx_word' id='word_1_294' title='bbox 525 4737 592 4789; x_wconf 77' lang='lat' dir='ltr'>uatis</span> <span class='ocrx_word' id='word_1_295' title='bbox 609 4734 724 4800; x_wconf 76' lang='lat' dir='ltr'>MwP,</span> <span class='ocrx_word' id='word_1_296' title='bbox 741 4736 808 4789; x_wconf 86' lang='lat' dir='ltr'>hatis</span> <span class='ocrx_word' id='word_1_297' title='bbox 830 4737 959 4806; x_wconf 77' lang='lat' dir='ltr'>(br-abr.)</span> <span class='ocrx_word' id='word_1_298' title='bbox 977 4756 1044 4790; x_wconf 82' lang='lat' dir='ltr'>corr.</span> <span class='ocrx_word' id='word_1_299' title='bbox 1061 4739 1098 4804; x_wconf 61' lang='lat' dir='ltr'>in,</span> <span class='ocrx_word' id='word_1_300' title='bbox 1108 4741 1179 4792; x_wconf 81' lang='lat' dir='ltr'>Natta</span> <span class='ocrx_word' id='word_1_301' title='bbox 1189 4738 1230 4790; x_wconf 70' lang='lat' dir='ltr'>F*</span> <span class='ocrx_word' id='word_1_302' title='bbox 1299 4696 1444 4807; x_wconf 55' lang='lat' dir='ltr'>patriquh&#39;¹</span> <span class='ocrx_word' id='word_1_303' title='bbox 1536 4757 1560 4790; x_wconf 86' lang='lat' dir='ltr'>v.</span> <span class='ocrx_word' id='word_1_304' title='bbox 1579 4736 1597 4790; x_wconf 88' lang='lat'><strong>3</strong></span> <span class='ocrx_word' id='word_1_305' title='bbox 1614 4756 1709 4791; x_wconf 88' lang='lat' dir='ltr'>munus</span> <span class='ocrx_word' id='word_1_306' title='bbox 1730 4737 1752 4789; x_wconf 80' lang='grc'><em>0</em></span> <span class='ocrx_word' id='word_1_307' title='bbox 1835 4756 1860 4788; x_wconf 90' lang='lat' dir='ltr'>v.</span> <span class='ocrx_word' id='word_1_308' title='bbox 1878 4734 2058 4786; x_wconf 71' lang='lat' dir='ltr'>satanacam</span> <span class='ocrx_word' id='word_1_309' title='bbox 2080 4731 2103 4784; x_wconf 83' lang='lat'><em>0</em></span> 
     </span>
     <span class='ocr_line' id='line_1_40' title="bbox 440 4852 2103 4965; baseline -0.002 -55"><span class='ocrx_word' id='word_1_310' title='bbox 440 4859 569 4965; x_wconf 77' lang='lat' dir='ltr'>sepulcrot</span> <span class='ocrx_word' id='word_1_311' title='bbox 583 4852 663 4907; x_wconf 76' lang='lat' dir='ltr'>GFP</span> <span class='ocrx_word' id='word_1_312' title='bbox 805 4875 829 4911; x_wconf 85' lang='lat' dir='ltr'>v.</span> <span class='ocrx_word' id='word_1_313' title='bbox 853 4857 871 4911; x_wconf 88' lang='grc'><strong>6</strong></span> <span class='ocrx_word' id='word_1_314' title='bbox 892 4860 975 4913; x_wconf 87' lang='lat' dir='ltr'>dulcis</span> <span class='ocrx_word' id='word_1_315' title='bbox 1002 4861 1063 4912; x_wconf 85' lang='lat' dir='ltr'>odd.</span> <span class='ocrx_word' id='word_1_316' title='bbox 1082 4878 1102 4912; x_wconf 84' lang='lat' dir='ltr'>a.</span> <span class='ocrx_word' id='word_1_317' title='bbox 1122 4861 1139 4912; x_wconf 85' lang='lat' dir='ltr'>l.</span> <span class='ocrx_word' id='word_1_318' title='bbox 1160 4861 1212 4926; x_wconf 80' lang='lat'>0¹,</span> <span class='ocrx_word' id='word_1_319' title='bbox 1241 4879 1308 4912; x_wconf 77' lang='lat' dir='ltr'>corr.</span> <span class='ocrx_word' id='word_1_320' title='bbox 1336 4878 1367 4913; x_wconf 76' lang='lat' dir='ltr'>aa</span> <span class='ocrx_word' id='word_1_321' title='bbox 1394 4860 1497 4912; x_wconf 91' lang='lat' dir='ltr'>dubihis</span> <span class='ocrx_word' id='word_1_322' title='bbox 1523 4867 1552 4910; x_wconf 79' lang='lat' dir='ltr'>ut</span> <span class='ocrx_word' id='word_1_323' title='bbox 1572 4876 1595 4911; x_wconf 86' lang='lat' dir='ltr'>n.</span> <span class='ocrx_word' id='word_1_324' title='bbox 1618 4857 1657 4908; x_wconf 85' lang='lat' dir='ltr'>P¹</span> <span class='ocrx_word' id='word_1_325' title='bbox 1796 4875 1821 4909; x_wconf 85' lang='lat' dir='ltr'>v.</span> <span class='ocrx_word' id='word_1_326' title='bbox 1840 4855 1858 4908; x_wconf 81' lang='lat'>8</span> <span class='ocrx_word' id='word_1_327' title='bbox 1879 4855 2052 4908; x_wconf 84' lang='lat' dir='ltr'>discordancia</span> <span class='ocrx_word' id='word_1_328' title='bbox 2080 4853 2103 4905; x_wconf 83' lang='lat'><em>0</em></span> 
     </span>
     <span class='ocr_line' id='line_1_41' title="bbox 442 4973 2101 5047; baseline -0.001 -19"><span class='ocrx_word' id='word_1_329' title='bbox 442 4974 566 5046; x_wconf 80' lang='lat' dir='ltr'>dplacaa</span> <span class='ocrx_word' id='word_1_330' title='bbox 584 4974 620 5028; x_wconf 84' lang='lat' dir='ltr'><strong><em>M</em></strong></span> <span class='ocrx_word' id='word_1_331' title='bbox 625 4978 634 5010; x_wconf 89' lang='lat'><strong>¹</strong></span> <span class='ocrx_word' id='word_1_332' title='bbox 683 4986 744 5045; x_wconf 81' lang='lat' dir='ltr'>poet</span> <span class='ocrx_word' id='word_1_333' title='bbox 759 4979 859 5047; x_wconf 85' lang='lat' dir='ltr'>placeat</span> <span class='ocrx_word' id='word_1_334' title='bbox 875 4997 896 5031; x_wconf 80' lang='lat' dir='ltr'>a.</span> <span class='ocrx_word' id='word_1_335' title='bbox 915 4981 932 5030; x_wconf 82' lang='lat' dir='ltr'>l.</span> <span class='ocrx_word' id='word_1_336' title='bbox 950 4979 1012 5031; x_wconf 80' lang='lat' dir='ltr'>add.</span> <span class='ocrx_word' id='word_1_337' title='bbox 1030 4981 1078 5034; x_wconf 86' lang='lat' dir='ltr'>tibi</span> <span class='ocrx_word' id='word_1_338' title='bbox 1096 4981 1131 5030; x_wconf 69' lang='lat' dir='ltr'>T*</span> <span class='ocrx_word' id='word_1_339' title='bbox 1171 5033 1175 5043; x_wconf 79' lang='grc'><strong>,</strong></span> <span class='ocrx_word' id='word_1_340' title='bbox 1218 4979 1433 5034; x_wconf 75' lang='lat' dir='ltr'>teonsolanonis</span> <span class='ocrx_word' id='word_1_341' title='bbox 1450 4977 1529 5044; x_wconf 80' lang='lat' dir='ltr'>(poet.</span> <span class='ocrx_word' id='word_1_342' title='bbox 1547 4997 1560 5031; x_wconf 87' lang='lat' dir='ltr'>s</span> <span class='ocrx_word' id='word_1_343' title='bbox 1577 4997 1644 5033; x_wconf 80' lang='lat' dir='ltr'>corr.</span> <span class='ocrx_word' id='word_1_344' title='bbox 1664 4997 1695 5032; x_wconf 77' lang='lat' dir='ltr'>aa</span> <span class='ocrx_word' id='word_1_345' title='bbox 1712 4980 1741 5044; x_wconf 82' lang='lat' dir='ltr'>b3</span> <span class='ocrx_word' id='word_1_346' title='bbox 1761 4976 1812 5043; x_wconf 52' lang='grc' dir='ltr'>ΡΙ)</span> <span class='ocrx_word' id='word_1_347' title='bbox 1829 4975 1859 5044; x_wconf 87' lang='grc' dir='ltr'>Ρ,</span> <span class='ocrx_word' id='word_1_348' title='bbox 1877 4973 2101 5029; x_wconf 75' lang='lat' dir='ltr'>consulationish</span> 
     </span>
     <span class='ocr_line' id='line_1_42' title="bbox 441 5095 2098 5166; baseline -0.002 -15"><span class='ocrx_word' id='word_1_349' title='bbox 441 5097 622 5153; x_wconf 75' lang='lat' dir='ltr'>dredibeatur</span> <span class='ocrx_word' id='word_1_350' title='bbox 641 5096 773 5150; x_wconf 70' lang='lat' dir='ltr'>Maur?</span> <span class='ocrx_word' id='word_1_351' title='bbox 839 5101 897 5152; x_wconf 76' lang='lat' dir='ltr'>vala</span> <span class='ocrx_word' id='word_1_352' title='bbox 914 5117 963 5152; x_wconf 86' lang='lat' dir='ltr'>om.</span> <span class='ocrx_word' id='word_1_353' title='bbox 983 5100 1012 5151; x_wconf 85' lang='lat' dir='ltr'><em>F</em></span> <span class='ocrx_word' id='word_1_354' title='bbox 1110 5100 1264 5155; x_wconf 83' lang='lat' dir='ltr'>9Sidoniua</span> <span class='ocrx_word' id='word_1_355' title='bbox 1282 5103 1431 5154; x_wconf 85' lang='lat' dir='ltr'>Desiderato</span> <span class='ocrx_word' id='word_1_356' title='bbox 1448 5117 1495 5152; x_wconf 88' lang='lat' dir='ltr'>auo</span> <span class='ocrx_word' id='word_1_357' title='bbox 1512 5101 1584 5151; x_wconf 70' lang='lat' dir='ltr'>naba</span> <span class='ocrx_word' id='word_1_358' title='bbox 1601 5101 1630 5151; x_wconf 80' lang='lat' dir='ltr'>in</span> <span class='ocrx_word' id='word_1_359' title='bbox 1642 5099 1678 5166; x_wconf 81' lang='lat' dir='ltr'>F,</span> <span class='ocrx_word' id='word_1_360' title='bbox 1696 5099 1742 5152; x_wconf 82' lang='lat' dir='ltr'>scd</span> <span class='ocrx_word' id='word_1_361' title='bbox 1758 5095 1813 5150; x_wconf 83' lang='lat' dir='ltr'>Sid.</span> <span class='ocrx_word' id='word_1_362' title='bbox 1832 5099 1943 5151; x_wconf 90' lang='lat' dir='ltr'>Donidio</span> <span class='ocrx_word' id='word_1_363' title='bbox 1960 5115 2008 5150; x_wconf 87' lang='lat' dir='ltr'>auo</span> <span class='ocrx_word' id='word_1_364' title='bbox 2031 5097 2098 5148; x_wconf 75' lang='lat' dir='ltr'>idem</span> 
     </span>
     <span class='ocr_line' id='line_1_43' title="bbox 443 5215 2104 5296; baseline -0.002 -24"><span class='ocrx_word' id='word_1_365' title='bbox 443 5219 505 5272; x_wconf 72' lang='lat' dir='ltr'>aaa</span> <span class='ocrx_word' id='word_1_366' title='bbox 527 5221 556 5272; x_wconf 80' lang='lat' dir='ltr'>in</span> <span class='ocrx_word' id='word_1_367' title='bbox 577 5237 659 5288; x_wconf 74' lang='lat' dir='ltr'>story.</span> <span class='ocrx_word' id='word_1_368' title='bbox 801 5216 834 5270; x_wconf 91' lang='grc'>10</span> <span class='ocrx_word' id='word_1_369' title='bbox 851 5220 884 5273; x_wconf 90' lang='lat' dir='ltr'>ob</span> <span class='ocrx_word' id='word_1_370' title='bbox 902 5220 927 5286; x_wconf 92' lang='lat' dir='ltr'>(o</span> <span class='ocrx_word' id='word_1_371' title='bbox 945 5220 974 5271; x_wconf 82' lang='lat' dir='ltr'>iu</span> <span class='ocrx_word' id='word_1_372' title='bbox 989 5237 1044 5272; x_wconf 80' lang='lat' dir='ltr'>roa.</span> <span class='ocrx_word' id='word_1_373' title='bbox 1063 5218 1117 5288; x_wconf 74' lang='lat'>1³²)</span> <span class='ocrx_word' id='word_1_374' title='bbox 1136 5220 1162 5271; x_wconf 91' lang='lat' dir='ltr'><em>P</em></span> <span class='ocrx_word' id='word_1_375' title='bbox 1297 5221 1329 5273; x_wconf 93' lang='lat'>11</span> <span class='ocrx_word' id='word_1_376' title='bbox 1354 5238 1403 5274; x_wconf 89' lang='lat' dir='ltr'>nec</span> <span class='ocrx_word' id='word_1_377' title='bbox 1421 5237 1468 5272; x_wconf 83' lang='lat' dir='ltr'>om.</span> <span class='ocrx_word' id='word_1_378' title='bbox 1490 5219 1513 5272; x_wconf 83' lang='lat'><em>0</em></span> <span class='ocrx_word' id='word_1_379' title='bbox 1613 5237 1682 5272; x_wconf 82' lang='lat' dir='ltr'>meas</span> <span class='ocrx_word' id='word_1_380' title='bbox 1703 5237 1751 5272; x_wconf 81' lang='lat' dir='ltr'>om.</span> <span class='ocrx_word' id='word_1_381' title='bbox 1770 5218 1796 5270; x_wconf 91' lang='lat' dir='ltr'><em>P</em></span> <span class='ocrx_word' id='word_1_382' title='bbox 1932 5215 1971 5296; x_wconf 19' lang='lat'>12,</span> <span class='ocrx_word' id='word_1_383' title='bbox 1984 5217 2104 5270; x_wconf 80' lang='lat' dir='ltr'>michiO</span> 
     </span>
     <span class='ocr_line' id='line_1_44' title="bbox 445 5297 2100 5410; baseline -0.002 -16"><span class='ocrx_word' id='word_1_384' title='bbox 445 5339 479 5394; x_wconf 78' lang='grc'>13</span> <span class='ocrx_word' id='word_1_385' title='bbox 495 5343 627 5396; x_wconf 75' lang='lat' dir='ltr'>samiolum</span> <span class='ocrx_word' id='word_1_386' title='bbox 638 5338 773 5394; x_wconf 78' lang='lat' dir='ltr'><em>LMOPP</em></span> <span class='ocrx_word' id='word_1_387' title='bbox 839 5337 1094 5410; x_wconf 86' lang='lat' dir='ltr'>voluptuosissimum</span> <span class='ocrx_word' id='word_1_388' title='bbox 1111 5350 1212 5410; x_wconf 88' lang='lat' dir='ltr'>tempus</span> <span class='ocrx_word' id='word_1_389' title='bbox 1227 5342 1252 5393; x_wconf 84' lang='grc' dir='ltr'><em>Τ</em></span> <span class='ocrx_word' id='word_1_390' title='bbox 1351 5341 1385 5394; x_wconf 87' lang='grc'>14</span> <span class='ocrx_word' id='word_1_391' title='bbox 1402 5341 1570 5394; x_wconf 83' lang='lat' dir='ltr'>conterminis</span> <span class='ocrx_word' id='word_1_392' title='bbox 1587 5337 1606 5406; x_wconf 90' lang='lat' dir='ltr'>(i</span> <span class='ocrx_word' id='word_1_393' title='bbox 1624 5355 1691 5391; x_wconf 76' lang='lat' dir='ltr'>crac.</span> <span class='ocrx_word' id='word_1_394' title='bbox 1711 5337 1761 5405; x_wconf 78' lang='lat'>1³²)</span> <span class='ocrx_word' id='word_1_395' title='bbox 1775 5337 1801 5389; x_wconf 91' lang='lat' dir='ltr'><em>P</em></span> <span class='ocrx_word' id='word_1_396' title='bbox 1904 5336 1937 5390; x_wconf 83' lang='lat'>15</span> <span class='ocrx_word' id='word_1_397' title='bbox 1955 5297 2048 5392; x_wconf 82' lang='lat' dir='ltr'>dniteri</span> <span class='ocrx_word' id='word_1_398' title='bbox 2065 5338 2100 5390; x_wconf 80' lang='lat'>0²</span> 
     </span>
     <span class='ocr_line' id='line_1_45' title="bbox 444 5457 2102 5531; baseline -0.003 -15"><span class='ocrx_word' id='word_1_399' title='bbox 444 5465 555 5518; x_wconf 82' lang='lat' dir='ltr'>ovilitcri</span> <span class='ocrx_word' id='word_1_400' title='bbox 575 5461 648 5530; x_wconf 78' lang='lat' dir='ltr'>MP,</span> <span class='ocrx_word' id='word_1_401' title='bbox 675 5463 687 5516; x_wconf 87' lang='lat' dir='ltr'>l</span> <span class='ocrx_word' id='word_1_402' title='bbox 710 5463 821 5515; x_wconf 79' lang='lat' dir='ltr'>olivitori</span> <span class='ocrx_word' id='word_1_403' title='bbox 848 5463 911 5516; x_wconf 83' lang='lat' dir='ltr'>add.</span> <span class='ocrx_word' id='word_1_404' title='bbox 937 5464 965 5514; x_wconf 81' lang='lat' dir='ltr'>in</span> <span class='ocrx_word' id='word_1_405' title='bbox 989 5481 1074 5531; x_wconf 70' lang='lat' dir='ltr'>many.</span> <span class='ocrx_word' id='word_1_406' title='bbox 1103 5461 1150 5515; x_wconf 78' lang='grc' dir='ltr'>Μ1</span> <span class='ocrx_word' id='word_1_407' title='bbox 1239 5463 1418 5515; x_wconf 81' lang='lat' dir='ltr'>amchinthum</span> <span class='ocrx_word' id='word_1_408' title='bbox 1441 5461 1476 5528; x_wconf 84' lang='lat' dir='ltr'>P,</span> <span class='ocrx_word' id='word_1_409' title='bbox 1502 5461 1663 5513; x_wconf 82' lang='lat' dir='ltr'>arachintum</span> <span class='ocrx_word' id='word_1_410' title='bbox 1685 5457 1742 5524; x_wconf 79' lang='lat' dir='ltr'>PF,</span> <span class='ocrx_word' id='word_1_411' title='bbox 1768 5459 1942 5510; x_wconf 76' lang='lat' dir='ltr'>crathinthum</span> <span class='ocrx_word' id='word_1_412' title='bbox 1967 5459 2047 5526; x_wconf 80' lang='lat' dir='ltr'>(corr.</span> <span class='ocrx_word' id='word_1_413' title='bbox 2073 5460 2102 5511; x_wconf 82' lang='lat' dir='ltr'>iu</span> 
     </span>
     <span class='ocr_line' id='line_1_46' title="bbox 443 5559 2106 5658; baseline -0.004 -20"><span class='ocrx_word' id='word_1_414' title='bbox 443 5581 751 5651; x_wconf 65' lang='lat' dir='ltr'>maismacense</span> <span class='ocrx_word' id='word_1_415' title='bbox 851 5559 980 5634; x_wconf 71' lang='lat' dir='ltr'>ianam</span> <span class='ocrx_word' id='word_1_416' title='bbox 997 5584 1080 5646; x_wconf 76' lang='lat' dir='ltr'>cnr,</span> <span class='ocrx_word' id='word_1_417' title='bbox 1105 5586 1181 5658; x_wconf 64' lang='lat' dir='ltr'>siaa</span> <span class='ocrx_word' id='word_1_418' title='bbox 1199 5580 1233 5632; x_wconf 85' lang='lat' dir='ltr'>ru</span> <span class='ocrx_word' id='word_1_419' title='bbox 1302 5583 1393 5649; x_wconf 58' lang='lat' dir='ltr'>tulga</span> <span class='ocrx_word' id='word_1_420' title='bbox 1410 5581 1501 5648; x_wconf 68' lang='lat' dir='ltr'>(asam</span> <span class='ocrx_word' id='word_1_421' title='bbox 1519 5581 1564 5633; x_wconf 79' lang='lat' dir='ltr'>aa</span> <span class='ocrx_word' id='word_1_422' title='bbox 1584 5597 1650 5652; x_wconf 59' lang='lat' dir='ltr'>aas.</span> <span class='ocrx_word' id='word_1_423' title='bbox 1671 5579 1761 5645; x_wconf 68' lang='lat' dir='ltr'>cuo</span> <span class='ocrx_word' id='word_1_424' title='bbox 1845 5576 1877 5630; x_wconf 80' lang='grc' dir='ltr'>ιι</span> <span class='ocrx_word' id='word_1_425' title='bbox 1895 5582 2062 5647; x_wconf 66' lang='lat' dir='ltr'>pausamus</span> <span class='ocrx_word' id='word_1_426' title='bbox 2083 5581 2106 5632; x_wconf 82' lang='lat' dir='ltr'>o</span> 
     </span>
     <span class='ocr_line' id='line_1_47' title="bbox 444 5661 1727 5771; baseline -0.007 -14"><span class='ocrx_word' id='word_1_427' title='bbox 444 5707 558 5758; x_wconf 73' lang='lat' dir='ltr'>tremonia</span> <span class='ocrx_word' id='word_1_428' title='bbox 575 5705 595 5771; x_wconf 90' lang='lat' dir='ltr'>(i</span> <span class='ocrx_word' id='word_1_429' title='bbox 614 5728 680 5760; x_wconf 59' lang='lat' dir='ltr'>ma</span> <span class='ocrx_word' id='word_1_430' title='bbox 702 5704 762 5769; x_wconf 71' lang='grc' dir='ltr'>Μ’)</span> <span class='ocrx_word' id='word_1_431' title='bbox 784 5701 821 5752; x_wconf 87' lang='grc' dir='ltr'><em>Μ</em></span> <span class='ocrx_word' id='word_1_432' title='bbox 885 5704 1067 5758; x_wconf 87' lang='lat' dir='ltr'>nichilominus</span> <span class='ocrx_word' id='word_1_433' title='bbox 1088 5701 1153 5766; x_wconf 62' lang='grc' dir='ltr'>ΜΟ,</span> <span class='ocrx_word' id='word_1_434' title='bbox 1173 5661 1303 5755; x_wconf 76' lang='lat' dir='ltr'>hlominus</span> <span class='ocrx_word' id='word_1_435' title='bbox 1321 5703 1349 5753; x_wconf 85' lang='lat' dir='ltr'><em>F</em></span> <span class='ocrx_word' id='word_1_436' title='bbox 1452 5701 1484 5754; x_wconf 82' lang='lat'>18</span> <span class='ocrx_word' id='word_1_437' title='bbox 1499 5709 1576 5753; x_wconf 85' lang='lat' dir='ltr'>restat</span> <span class='ocrx_word' id='word_1_438' title='bbox 1596 5697 1727 5750; x_wconf 77' lang='lat' dir='ltr'><em>MTOFP</em></span> 
     </span>
    </p>
   </div>
   <div class='ocr_carea' id='block_1_6' title="bbox 0 0 2335 6484">
    <p class='ocr_par' dir='ltr' id='par_1_6' title="bbox 0 0 2335 6484">
     <span class='ocr_line' id='line_1_48' title="bbox 0 0 2335 6484; baseline 0 0"><span class='ocrx_word' id='word_1_439' title='bbox 0 0 2335 6484; x_wconf 95' lang='lat' dir='ltr'> </span> 
     </span>
    </p>
   </div>
  </div>
 </body>
</html>
