4612 6428
424 398 487 460 274
939 391 1067 446 FAUSTI
1086 391 1327 457 ALIORUMQUEI
1349 391 1556 446 EPISTULAE.

312 574 345 646 G
373 573 392 632 2
425 568 538 634 dolore
562 569 731 654 participe.
778 569 823 631 sio
848 567 893 630 ita
918 566 1075 631 concedat
1097 565 1209 631 divina
1225 567 1402 646 miseratio,
1425 571 1461 630 ut
1476 567 1555 630 mihi
1572 587 1630 652 per
1646 565 1764 628 multos
1781 587 1883 629 annos
1901 565 2074 629 exterioris

424 673 523 736 vestri
547 672 691 756 vigorem
716 679 749 736 et
771 671 971 735 alacritatem
1000 671 1147 756 integrae
1176 671 1327 735 sanitatis
1355 669 1539 755 indulgeat,
1570 669 1646 754 quia
1674 689 1749 734 vore
1779 675 1856 734 tune
1886 675 2075 755 reparatum
2143 739 2145 744 ,

427 797 498 842 οεεο
522 797 574 844 rue
599 776 715 858 sentio,
740 776 767 841 si
790 774 831 842 de
855 775 1014 864 sospitate
1039 780 1150 844 vestra
1173 773 1312 842 celerius
1337 781 1450 862 optata
1473 795 1668 861 cognovero.

1210 1070 1288 1135 XII.

587 1225 766 1294 DOMINO
801 1227 986 1308 SANOTO,
1017 1225 1323 1308 MERITISSIMO,
1355 1227 1403 1290 IN
1434 1225 1618 1292 CHRISTI
1650 1226 1910 1292 LUMINARIA
2103 1240 2115 1278 θ

453 1330 789 1398 PRAENERIINDO
818 1331 876 1395 IlT
904 1328 1143 1395 PLURIMUM
1171 1329 1221 1394 IN
1251 1328 1448 1395 CHRISTO
1477 1330 1815 1410 DESIDMRANDO,
1846 1329 2044 1396 PIISSIMO

654 1434 832 1499 DOMINO
856 1433 1044 1500 RURIOIO
1069 1432 1288 1499 DPISOOPO
1313 1433 1566 1499 CAESARIUS
1589 1435 1846 1502 EPISOOPUS.

374 1579 387 1639 l
528 1554 615 1648 Dua
639 1583 774 1648 nimium
799 1579 1010 1646 tribularetur
1033 1581 1158 1645 animus
1183 1603 1286 1661 meus,
1310 1602 1410 1666 quare
1436 1581 1477 1646 ad
1501 1581 1659 1668 synodum
1683 1590 1827 1648 vestram
1852 1583 2074 1670 praesentiam

422 1708 488 1752 nou
511 1689 688 1753 meruimus
712 1686 874 1766 obtinere,
908 1693 1041 1750 sauctus
1069 1691 1102 1750 et
1132 1685 1282 1751 dominus
1306 1709 1396 1751 meus
1420 1686 1527 1752 Verus
1550 1689 1723 1773 episcopus
1747 1688 1826 1752 milri
1850 1687 2002 1773 dignatus
2026 1695 2076 1750 est

423 1789 548 1870 dicere,
580 1791 666 1876 quod
696 1813 756 1878 per
783 1811 876 1854 suum
908 1789 1080 1854 diaconum
1107 1789 1186 1854 milri
1208 1788 1318 1875 rigate
1347 1798 1472 1855 vestras
1502 1792 1628 1856 litteras
1658 1792 1870 1872 destinasset,
1902 1812 1983 1877 quas
2007 1812 2069 1876 ego
2101 1804 2127 1842 1⁰

423 1895 535 1960 neseio
559 1916 622 1980 quo
645 1917 723 1960 casu
747 1901 804 1958 aut
826 1915 891 1980 qua
921 1894 1132 1978 neglegentia
1161 1915 1214 1958 me
1242 1915 1305 1958 non
1336 1895 1460 1959 retineo
1491 1896 1687 1981 suscepisse.
1732 1896 1789 1960 sed
1820 1903 1931 1961 tamen
1959 1900 2073 1961 sancto

425 2005 458 2066 et
481 1998 612 2064 domino
636 2020 709 2063 meo
733 2000 825 2064 fratri
849 2005 960 2062 restro
984 1997 1165 2063 certissime
1190 1998 1285 2064 eredo
1309 2006 1341 2063 et
1363 1999 1450 2063 malo
1473 1999 1534 2064 hoc
1563 2001 1728 2086 portitoris
1758 2001 1987 2085 neglegentiae
2010 2000 2072 2063 im-

373 2104 392 2166 2
424 2109 551 2189 putare.
597 2102 656 2170 sad
679 2104 758 2168 licet
782 2108 912 2167 sanatos
936 2108 969 2167 et
998 2101 1235 2167 desiderabiles
1264 2107 1388 2166 vestros
1418 2103 1529 2188 apices
1561 2105 1731 2182 miseritis,
1762 2111 1872 2169 tamen
1899 2105 1982 2168 sicut
2009 2104 2073 2189 ipsi

425 2208 547 2294 optima
576 2208 695 2286 nostis,
726 2207 953 2293 dignissimum
979 2207 1101 2286 fuerat,
1134 2213 1169 2270 ut
1196 2227 1369 2291 personam
1392 2204 1595 2292 dirigeretis,
1627 2228 1711 2293 quae
1734 2208 1775 2272 ad
1799 2210 1903 2273 vicem
1927 2212 2071 2272 vestram

373 2313 392 2374 3
425 2311 650 2376 subscriberet
672 2317 705 2374 et
728 2311 813 2396 quod
837 2313 942 2376 saneti
965 2311 1081 2376 fratres
1105 2312 1204 2375 vestri
1228 2317 1413 2376 statuerunt
1437 2312 1470 2375 in
1493 2320 1758 2398 personavcstra
1774 2313 1967 2378 firmaretur.
2012 2310 2071 2376 sed
2103 2325 2128 2364 1⁵

425 2416 501 2500 quia
531 2417 621 2492 novi,
655 2435 751 2500 quarn
782 2422 894 2480 sancto
923 2423 956 2480 et
984 2415 1146 2500 frequenti
1175 2436 1213 2480 ac
1247 2416 1300 2500 pio
1328 2414 1490 2482 desiderio
1519 2418 1679 2481 iuteresse
1709 2417 1892 2496 volueritis,
1927 2415 2074 2481 omnibus

424 2518 580 2583 fratribus
611 2519 728 2584 vestris
762 2527 873 2583 votum
903 2525 1046 2583 vestrum
1079 2525 1112 2583 et
1146 2524 1292 2583 sanctam
1320 2520 1522 2584 voluntatem
1557 2522 1712 2605 exposui,
1749 2542 1807 2606 pro
1837 2541 1901 2605 qua
1929 2541 1963 2584 re
1990 2519 2075 2584 nibil

373 2625 393 2684 4
425 2622 540 2708 pietati
564 2629 694 2688 vestrae
718 2623 770 2687 vel
793 2624 959 2711 potuimus
983 2625 1035 2688 vel
1059 2623 1232 2688 debuimus
1256 2623 1428 2708 imputare.
1475 2622 1532 2688 sed
1556 2625 1633 2688 licet
1656 2622 1907 2689 desiderabilem
1931 2628 2074 2688 vestram

424 2727 643 2811 praesentiam
668 2748 731 2791 non
755 2727 981 2806 habuerimus,
1012 2727 1195 2792 orationum
1219 2732 1328 2790 tamen
1352 2734 1533 2792 vestrarum
1557 2728 1712 2812 suffragia
1735 2748 1793 2790 noa
1818 2726 1975 2792 meruisse
1998 2747 2073 2812 per-

425 2830 596 2894 sensimus.
643 2837 676 2894 et
703 2831 775 2896 ideo
804 2831 856 2895 his
886 2830 969 2895 datis
998 2831 1103 2895 saluto
1131 2831 1306 2916 plurimum
1337 2831 1457 2896 affectu
1487 2838 1520 2896 et
1549 2831 1672 2896 bonore
1704 2853 1766 2917 quo
1794 2831 1929 2916 dignum
1957 2835 2009 2894 est
2039 2835 2073 2894 et
2102 2841 2130 2880 2⁰

423 2954 518 3020 rogo,
551 2939 588 2998 ut
620 2957 672 2999 me
706 2936 828 3000 sanctis
852 2941 885 2998 ot
912 2934 1103 2998 inlustribus
1136 2935 1290 3020 precibus
1322 2934 1418 3000 simul
1447 2956 1485 3000 ao
1514 2936 1638 3000 meritis
1667 2935 1796 2999 domino
1825 2932 2069 2999 commendetis.

374 3041 393 3100 5
426 3038 587 3123 simulque
611 3039 718 3104 indico
742 3039 857 3125 pietati
880 3044 1021 3118 vestrae,
1046 3045 1091 3119 ut,
1116 3039 1193 3124 quia
1215 3039 1301 3103 filius
1319 3045 1427 3103 vester
1442 3037 1634 3120 Eudemius,
1660 3041 1687 3102 si
1710 3039 1853 3125 potuerit
1876 3038 1937 3102 hoc
1961 3036 2074 3102 elabo-

426 3163 514 3221 rare,
544 3140 723 3222 desiderat,
757 3147 790 3206 et
818 3141 1071 3227 superveniente
1095 3163 1180 3207 anno
1204 3142 1345 3207 Tolosae
1375 3142 1533 3227 synodum
1559 3141 1690 3208 Christo
1714 3143 1855 3229 propitio
1883 3141 2074 3221 habeamus,

423 3244 481 3310 ubi
498 3245 607 3327 etiarn,
632 3245 659 3309 si
675 3246 827 3331 potnerit,
851 3246 1020 3333 Hispanos
1035 3246 1106 3310 vult
1122 3247 1297 3332 episcopos
1314 3247 1500 3311 convenire.
1540 3251 1573 3311 et
1588 3245 1662 3310 ideo
1686 3250 1788 3324 orate,
1812 3251 1847 3310 ut
1870 3251 1937 3309 tam
1960 3250 2075 3310 saneto

326 3429 329 3436 ‚
373 3352 393 3413 6
426 3347 591 3414 desiderio
622 3369 680 3412 suc
716 3348 865 3414 dominus
895 3349 1038 3415 tribuere
1067 3350 1257 3434 dignaretur
1285 3349 1449 3416 effectum.
1500 3356 1649 3414 sanctum
1676 3371 1754 3414 vero
1784 3355 1818 3414 et
1847 3349 2072 3414 dulcissimum
2102 3362 2128 3402 2⁵

424 3453 557 3518 fratrem
588 3474 694 3518 meum
724 3452 924 3539 Oapillutum
958 3453 1187 3541 presbyterum
1218 3460 1397 3520 amatorem
1427 3461 1460 3519 et
1487 3453 1748 3540 praedicatorem
1778 3457 1921 3517 vestrum
1943 3457 2074 3516 vestrae

426 3557 661 3624 sanctimoniae
685 3563 807 3642 quauta
829 3559 922 3622 valeo
946 3559 1165 3624 insinuatione
1189 3558 1379 3624 commendo
1404 3567 1438 3624 et
1460 3581 1518 3646 pro
1543 3561 1613 3646 ipso
1629 3559 1722 3624 vobis
1737 3560 1890 3644 ingentes
1907 3565 1941 3624 et
1955 3558 2075 3623 uberes

427 3663 548 3748 gratias
565 3683 638 3746 age,
662 3661 748 3747 quia,
772 3668 928 3747 quantum
943 3664 1015 3750 ipse
1032 3665 1182 3744 asseruit,
1206 3670 1332 3728 tantum
1350 3685 1385 3730 εο
1408 3665 1495 3728 eirea
1518 3664 1610 3728 illum
1633 3663 1792 3748 impendit
1815 3663 1870 3748 pia
1893 3669 1925 3726 et
1949 3663 2077 3726 sincera

374 3771 392 3832 7
423 3766 657 3831 benevolentia
678 3772 801 3846 vestra,
830 3773 868 3830 ut
894 3767 954 3831 hoc
982 3769 1090 3833 nullus
1118 3769 1286 3834 hominum
1314 3770 1420 3856 possit
1444 3788 1620 3855 exponere.
1672 3788 1757 3832 nunc
1788 3789 1881 3853 ergo,
1912 3767 1988 3853 quia
2017 3787 2076 3852 pro

425 3874 534 3934 vestro
559 3867 722 3934 desiderio
750 3878 903 3936 aestuans
934 3872 1090 3958 pietatem
1113 3879 1256 3937 vestram
1287 3873 1441 3959 expetiit,
1471 3870 1605 3957 dignum
1633 3870 1787 3949 iudicavi,
1817 3875 1851 3934 ut
1879 3891 1938 3956 per
1965 3870 2072 3954 ipsum
2103 3881 2130 3921 ³⁰

426 3971 618 4037 humilitatis
642 3993 736 4040 meae
760 3975 888 4039 litteras
911 3975 1120 4055 destinarem,
1143 3997 1206 4062 quo
1223 3981 1402 4054 remeante,
1427 3977 1454 4040 si
1470 3974 1621 4040 Ohristus
1639 3975 1798 4055 adnuerit,
1822 3975 1931 4060 apices
1948 3977 2074 4037 vestros

425 4076 518 4162 quasi
543 4077 687 4142 caeleste
712 4098 829 4142 munus
853 4076 1006 4144 desidero
1029 4080 1216 4165 promereri.
1262 4101 1320 4144 ora
1342 4099 1401 4164 pro
1424 4100 1484 4143 me.

1205 4370 1301 4437 XIII.

682 4526 861 4593 DOMINO
884 4527 1059 4594 SANOTO
1084 4527 1142 4593 AO
1165 4527 1439 4594 BEATISSIMO
1465 4526 1523 4591 MT
1545 4525 1828 4594 APOSTOLIOA
1965 4581 1970 4591 .

453 4631 750 4700 REVMRIINTIA
774 4630 1073 4698 SUSPIOIDNDO
1095 4631 1274 4698 DOMINO
1297 4631 1354 4696 IlT
1378 4630 1592 4697 PATRONO
1615 4629 1803 4697 RURIOIO
1827 4626 2046 4696 EPISOOPO
2103 4639 2128 4680 ³⁵

1010 4735 1216 4802 SEDATUS
1240 4735 1498 4802 DPISOOPUS.

379 4883 389 4942 l
532 4855 655 4962 Eoum
678 4906 775 4971 quem
797 4905 858 4971 per
877 4885 1013 4951 fratrem
1041 4891 1188 4950 nostrum
1219 4885 1447 4972 presbyterum
1476 4885 1705 4950 transmisistis
1735 4885 1861 4971 accepi,
1892 4881 2075 4966 magnificis

427 4991 599 5056 verborum
615 4996 798 5055 vestrorum
820 4989 965 5076 phaleris
988 4989 1194 5070 honoratum,
1217 4990 1250 5052 in
1267 4989 1320 5054 via
1336 4989 1444 5069 vilem,
1468 4990 1501 5053 in
1517 4989 1659 5075 epistula
1673 4987 1865 5074 pretiosum,
1889 4990 2074 5050 moventem

529 5197 547 5252 4
563 5197 624 5266 XII]
643 5199 669 5251 lo.
685 5201 703 5250 l.
720 5201 843 5266 epicam
862 5199 956 5250 Foruli
978 5215 1020 5250 nr.
1037 5197 1094 5248 XX
1108 5207 1131 5250 at
1149 5197 1329 5250 XVinrertaa
1352 5207 1412 5250 aunt
1430 5197 1466 5249 0:
1493 5198 1614 5249 Οααατίο
1633 5196 1755 5246 Bru-icius
1774 5211 1812 5261 ap.
1831 5194 1927 5258 11,ss
1945 5192 2077 5259 respondit
2149 5231 2153 5240 .

428 5285 443 5337 7
461 5287 592 5339 domnoO
655 5287 806 5339 amase
908 5282 925 5336 9
943 5285 1090 5338 damnoso
1153 5301 1232 5337 uerus
1250 5281 1395 5352 episcopus]
1417 5283 1572 5335 Tbrcnensr‘r
1587 5283 1641 5334 scil.
1747 5280 1780 5334 10
1797 5277 1943 5346 diaconum]
1957 5279 2078 5342 Lacaena,

426 5376 459 5442 cs.
479 5373 556 5427 Oeno.
577 5373 646 5425 Gau.
664 5373 703 5425 ecl.
723 5373 840 5424 Materia.
857 5372 887 5436 I,
904 5387 933 5438 p.
948 5375 994 5424 798
1107 5370 1140 5422 12
1158 5372 1293 5424 domnoG
1371 5371 1448 5423 mallo
1469 5371 1492 5421 G
1603 5369 1636 5421 15
1659 5371 1745 5421 fratris
1766 5369 1789 5420 G
1899 5365 1934 5420 20
1950 5361 2025 5429 debs]
2046 5365 2077 5428 θ,

426 5461 502 5513 Motis
522 5461 640 5512 Ouanias
742 5457 777 5510 22
794 5455 835 5526 ut]
854 5459 922 5511 oto
1025 5455 1060 5510 23
1077 5455 1112 5525 st]
1130 5456 1201 5510 utG
1269 5457 1369 5508 tholosa
1389 5458 1412 5508 θ
1515 5453 1549 5507 24
1572 5457 1695 5524 hispanus
1716 5455 1764 5518 θ’,
1785 5473 1852 5507 corr.
1873 5455 1911 5506 (3¹
1981 5455 2033 5504 tam
2054 5450 2078 5503 G

426 5543 461 5599 25
478 5549 599 5600 allectum
615 5547 638 5597 O
723 5541 759 5598 30
771 5546 869 5613 expetit
880 5545 946 5597 coni.
956 5544 1099 5596 Muranum
1122 5581 1126 5588 .
1185 5540 1220 5594 32
1232 5543 1356 5595 desiderio
1371 5543 1395 5595 O
1479 5541 1514 5594 33
1532 5539 1604 5608 xm]
1623 5542 1659 5594 aa
1671 5541 1797 5594 Sadalam
1808 5541 1929 5592 Rrrrr'eiar
1941 5557 1980 5606 ep.
1992 5540 2034 5605 11,
2046 5543 2078 5592 36

426 5651 484 5686 eron
501 5633 603 5685 caballo
620 5633 725 5684 aanor
828 5629 863 5684 35
883 5627 1056 5698 suspieIande]
1081 5631 1184 5698 scripsi,
1206 5630 1368 5697 suscipiendo
1389 5631 1413 5681 θ
1481 5630 1573 5682 domne
1595 5629 1618 5680 0
1686 5625 1803 5696 patrono]
1828 5627 1931 5695 empti,
1954 5643 2034 5694 papae
2055 5626 2078 5678 G

427 5718 460 5772 37
479 5735 590 5788 aequum
610 5717 633 5770 G
737 5716 771 5770 38
789 5719 875 5771 talaris
893 5719 1045 5771 honoratura
1065 5717 1088 5771 (τ’
