4732 6436
990 436 1171 493 KRUSCHII.
1833 439 1906 490 LVII

192 613 199 623 '
246 611 473 694 Lugdunensis
501 613 609 694 caepit.
655 612 852 678 Arelateuse
882 612 1052 677 concilium
1077 633 1150 678 5555
1178 611 1226 693 id,
1261 633 1323 697 quo
1346 609 1490 675 Lueidus
1521 611 1694 676 damnatus
1724 616 1790 691 est,
1822 612 1907 676 inter

245 738 361 782 omncs
385 723 529 792 constat;
553 717 783 802 Lugdunensis
806 724 936 802 praeter
958 716 1117 781 Faustum
1140 739 1236 781 55155
1258 715 1460 781 mentionem
1483 716 1573 781 fecit.

357 820 409 885 De
441 820 577 885 Sidonio
608 821 752 885 Faustus
784 821 906 906 optime
937 819 1072 885 meritus
1103 826 1185 885 erat.
1244 819 1444 885 Germanum
1476 821 1546 884 eius
1581 819 1718 883 11555515
1754 819 1907 884 educavit

248 924 300 1008 (O.
317 923 409 1002 XVI,
428 923 483 1010 72)
500 925 673 1010 ipsumque
691 923 862 988 Sidonium
878 924 1014 1010 ‘pridem
1030 922 1130 988 Reios
1147 921 1344 988 venientem'
1362 922 1413 1006 (0.
1429 923 1522 1000 XVI,
1537 921 1591 1006 78)
1608 923 1749 1008 1155111115
1766 924 1905 1008 accepit,

247 1029 326 1114 quin
343 1030 441 1092 immo
458 1029 578 1110 effecit,
602 1034 639 1092 ut
661 1033 790 1110 sauctae
810 1029 924 1092 matris
945 1033 1091 1092 sanctam
1111 1048 1234 1109 quoque
1256 1026 1351 1091 limen
1372 1027 1478 1091 adiret
1499 1026 1550 1112 (O.
1568 1019 1661 1107 XVI,
1686 1026 1753 1113 84).
1799 1027 1838 1091 Id
1864 1027 1906 1092 dc

246 1139 350 1198 matre
373 1133 488 1198 Fausti
512 1132 689 1197 Γ1111515551
712 1133 732 1196 l.
750 1132 770 1197 l.
795 1156 826 1218 p.
841 1134 902 1196 408
919 1132 1039 1218 aliique
1056 1131 1260 1219 interpretati
1277 1136 1363 1210 sunt,
1388 1129 1446 1195 aed
1462 1130 1574 1195 neseio
1591 1153 1632 1196 an
1650 1135 1775 1195 ‘saneta
1791 1123 1906 1196 mater'

248 1236 291 1300 sit
314 1237 466 1315 ccclesia,
490 1237 535 1300 115
557 1242 594 1300 51
617 1235 821 1320 significetur
843 1258 862 1300 a
886 1235 1009 1300 Fausto
1027 1235 1196 1301 Sidonium
1221 1257 1325 1321 aeque
1349 1256 1387 1299 ae
1403 1234 1571 1299 Ruricium
1595 1235 1635 1299 ad
1653 1236 1753 1300 vitam
1771 1236 1906 1300 eeclesi-

247 1341 383 1404 asticam
406 1340 582 1405 adductum
607 1362 692 1406 csse.
737 1338 903 1404 Affectum
932 1340 964 1403 in
993 1360 1067 1404 eum
1095 1339 1251 1404 eximium
1277 1338 1428 1403 Sidonius
1451 1339 1623 1425 profitetur
1653 1339 1906 1404 15115511511515

250 1445 281 1509 51
305 1444 460 1530 inscripto
484 1444 534 1507 hia
558 1443 668 1508 verbis
691 1441 743 1528 (O.
761 1442 854 1520 XVI,
869 1443 942 1527 68):

444 1545 447 1550 ’
648 1548 691 1612 da
713 1547 875 1612 Facetum
897 1547 1032 1611 15511515
1055 1553 1155 1624 tuum,
1179 1546 1222 1610 de
1243 1545 1359 1611 soluere
1378 1552 1492 1629 prutes,

645 1673 727 1733 quas
749 1656 870 1732 etpost
891 1651 998 1716 debere
1020 1652 1119 1715 iuuet.
1165 1655 1203 1728 te,
1227 1671 1337 1732 155955
1358 1651 1512 1729 sacerdos,

647 1756 790 1820 barbitus
811 1756 863 1820 1115
885 1761 991 1820 aester
1007 1755 1130 1838 plectro
1153 1754 1224 1819 lieet
1246 1756 1368 1836 impare
1389 1760 1508 1820 cantet.

247 1858 286 1922 Id
314 1865 424 1924 autem
455 1865 531 1925 ante
563 1881 592 1924 a.
617 1863 678 1924 468
711 1861 926 1947 compositum
955 1860 1085 1925 videtur
1115 1881 1209 1934 esse3
1243 1859 1283 1925 51.
1312 1881 1411 1946 supra
1440 1882 1472 1946 p.
1490 1859 1548 1926 LI.
1599 1859 1674 1923 Non
1705 1860 1806 1923 multo
1836 1865 1910 1946 post

247 1961 381 2026 Patiens
398 1962 630 2046 Lugdunensis
652 1963 824 2048 episeopus
849 1964 1022 2028 ecclesiam
1045 1986 1065 2028 a
1086 1985 1121 2028 se
1143 1962 1753 2049 551115515511511155111(153116).
1799 1963 1909 2028 Pestis
1962 1985 1967 1998 ·

248 2065 542 2130 hebdomadalibus
566 2087 638 2130 cum
664 2067 762 2131 etiam
788 2066 941 2132 Sidonius
964 2069 1156 2148 interesset,
1184 2069 1342 2132 Faustum
1366 2069 1608 2134 contionantem
1632 2071 1767 2155 ‘pariter
1790 2069 1909 2133 erectis

248 2170 398 2236 sensibus
421 2170 621 2255 auribusque
645 2169 797 2235 curvatis'
822 2170 978 2236 audiebat
993 2172 1038 2257 (p.
1055 2174 1125 2250 152,
1139 2171 1183 2256 9).
1214 2172 1292 2236 Solo
1308 2173 1414 2257 patrio
1432 2171 1589 2258 expulsus
1608 2171 1653 2258 (p.
1670 2176 1740 2251 151,
1756 2171 1809 2254 19)
1824 2172 1910 2237 eirca

248 2296 277 2338 a.
296 2277 357 2337 475
397 2272 549 2337 Sidonius
587 2295 606 2336 a
636 2272 758 2339 Fausto
789 2275 863 2360 (IX,
886 2276 918 2356 3)
951 2277 1079 2340 veniam
1111 2276 1324 2362 epistularum
1357 2298 1430 2341 raro
1459 2275 1612 2340 datarum
1642 2276 1772 2362 petivit,
1807 2275 1910 2340 donee

250 2383 362 2443 essent
382 2379 528 2463 gentium
554 2378 695 2444 motibus
717 2379 837 2444 itinera
861 2387 1025 2466 suspecta.
1062 2379 1208 2444 Litterae
1230 2400 1303 2443 eum
1319 2380 1422 2444 Reios
1446 2379 1667 2458 advenissent,
1690 2379 1813 2444 Fausto
1836 2401 1910 2465 pro-

248 2481 333 2548 fecto
364 2484 502 2568 Aptam,
533 2504 640 2568 neque
675 2483 727 2572 511Ι
745 2504 817 2548 5515
842 2483 990 2569 perlatae
1014 2488 1125 2547 essent
1148 2481 1194 2568 (p.
1215 2485 1284 2562 156,
1300 2483 1345 2568 7),
1369 2483 1486 2546 1151551
1509 2484 1535 2546 15
1556 2484 1711 2568 pagiuam
1741 2483 1782 2548 ab
1807 2484 1910 2548 amieo

248 2585 374 2671 petivit.
430 2584 483 2650 Ita
513 2584 667 2650 Sidonius
692 2608 742 2673 ep.
765 2587 862 2664 ΙΧ,9
890 2586 930 2650 ad
960 2607 1034 2651 eum
1063 2587 1168 2652 altera
1192 2585 1268 2650 data
1290 2586 1392 2650 libros
1421 2587 1491 2650 eius
1523 2608 1558 2651 se
1583 2587 1747 2672 significat
1771 2587 1912 2652 libenter

248 2689 431 2774 accepisse:
462 2687 592 2768 Venisti,
608 2690 722 2775 inquit,
738 2690 894 2771 1115115151,
911 2690 946 2754 ia
961 2710 1077 2753 11151155
1092 2690 1392 2776 111555(1).156,17).
1420 2690 1601 2755 Riochatus
1618 2693 1704 2755 enim
1721 2691 1856 2755 antistes
1873 2713 1912 2756 ac

249 2793 427 2857 monachus
441 2814 514 2856 eum
524 2792 565 2856 ad
575 2792 751 2857 Britannos
762 2792 878 2856 Fausti
890 2793 1055 2856 volumina
1066 2793 1157 2857 iussu
1172 2794 1242 2857 eius
1257 2799 1402 2880 portaret
1415 2799 1449 2858 et
1461 2794 1547 2880 apud
1559 2795 1713 2882 oppidum
1726 2794 1911 2860 Arvernum

248 2902 394 2960 meratus
418 2901 518 2975 esset,
542 2897 646 2962 donec
670 2898 818 2982 gentium
844 2898 1078 2962 concitatarum
1102 2897 1219 2961 turbae
1243 2896 1912 2985 5515155151,1151511511551115555511115

248 2999 387 3084 amplius
404 3021 535 3066 menses
552 3001 726 3065 abeuntem
743 3001 972 3066 551511515155
989 3000 1119 3086 quidam
1137 3002 1433 3087 5511115111551515
1452 3023 1563 3067 seeum
1579 3004 1664 3068 ferre
1681 3002 1911 3088 prodidissent,

250 3101 402 3169 Sidonius
426 3105 612 3191 pernicibus
637 3107 729 3190 equis
754 3126 829 3170 eum
856 3105 1021 3169 insecutus
1045 3111 1104 3169 est.
1153 3106 1350 3187 Quaecsitum,
1374 3107 1495 3192 inquit,
1518 3104 1817 3192 uotunicalieveuio,
1834 3127 1911 3186 pro·

249 3207 344 3284 duco,
366 3207 482 3286 lectito,
513 3229 655 3290 excerpo,
683 3210 825 3273 1155511115
853 3231 893 3274 ex
918 3209 1042 3291 empuis
1077 3208 1184 3289 capitu
1206 3208 1399 3289 defrustans.
1424 3209 1536 3274 tribuit
1557 3215 1587 3273 et
1609 3210 1768 3291 quoddam
1790 3210 1912 3274 dictare

248 3310 398 3376 celeranti
431 3311 610 3376 scribarum
641 3313 821 3393 sequacitas
849 3311 991 3376 saltuosa
1019 3312 1248 3393 coinpemttum,
1279 3314 1337 3394 qui
1371 3313 1669 3394 compareteudcbout
1698 3314 1799 3396 siquis
1828 3315 1912 3396 quod

249 3414 363 3479 titteris
383 3436 448 3479 11511
470 3415 614 3480 tenebant
637 3416 682 3502 (p.
705 3417 854 3503 157,19).
902 3416 996 3491 Quod
1019 3423 1130 3481 autem
1154 3418 1284 3504 scripsit
1312 3439 1347 3482 se
1377 3439 1459 3504 opus
1484 3417 1673 3503 bipertitum
1708 3417 1767 3482 sub
1791 3416 1913 3502 dialogi

253 3519 436 3598 schemate,
470 3520 531 3584 sub
562 3541 734 3585 causarum
765 3521 910 3586 themate
942 3521 1215 3607 quadripertitum
1240 3521 1444 3608 (11.157,31)
1469 3523 1607 3606 legisse,
1638 3522 1785 3608 plerique
1813 3523 1913 3586 talem

251 3620 364 3686 Fausti
392 3623 510 3687 librum
534 3630 676 3688 aetatem
704 3625 818 3690 tulisse
841 3633 1062 3710 negaverunt3
1091 3625 1299 3690 Bollandiani
1320 3646 1407 3705 vero,
1430 3625 1516 3690 Aeta
1542 3624 1600 3691 SS.
1625 3624 1715 3712 Sept.
1740 3633 1817 3691 1515.
1834 3624 1911 3708 VII,

250 3747 281 3811 p.
298 3727 372 3806 699,
396 3725 495 3790 libros
512 3725 553 3790 de
575 3729 682 3812 gratia
698 3727 750 3793 dei
768 3735 800 3792 et
819 3729 923 3794 libero
939 3728 1073 3793 arbitrio
1090 3728 1170 3793 duos
1187 3729 1336 3813 intellegi
1352 3731 1473 3793 volunt.
1520 3728 1632 3794 Sancti
1648 3729 1777 3794 Riacati
1794 3751 1912 3794 nornen

250 3830 283 3892 in
316 3831 454 3894 vetustis
487 3831 608 3895 litaniis
635 3830 828 3916 Anglieanis
860 3832 1022 3917 reperitur
1059 3831 1248 3911 (litabillon,
1273 3832 1349 3897 Vet.
1373 3832 1536 3898 Analecta
1563 3833 1613 3916 II,
1643 3856 1674 3920 p.
1696 3834 1773 3920 672)
1806 3851 1920 3919 neque

249 3933 417 4014 litabillou,
440 3933 492 3999 De
515 3957 550 4000 re
575 3935 652 4021 dipl.
673 3939 765 4018 1709,
789 3959 820 4022 p.
836 3939 886 4016 52,
910 3936 1047 4016 dubitat,
1071 3936 1149 4020 quin
1172 3936 1223 3999 hio
1247 3937 1290 4000 sit
1320 3937 1495 4023 episeopus
1524 3937 1552 4000 is
1577 3935 1707 4022 dequo
1734 3937 1905 4024 loquimur.

250 4037 372 4101 Fausto
395 4044 504 4102 autem
529 4038 660 4104 Sidonio
683 4041 805 4105 seniori
830 4040 875 4126 (p.
896 4043 964 4121 157,
988 4039 1018 4125 1)
1042 4046 1074 4104 51
1098 4044 1206 4104 551515
1229 4040 1293 4104 1515
1324 4046 1480 4127 provecto
1504 4041 1549 4126 (p.
1570 4043 1640 4121 159,
1659 4041 1691 4128 5)
1717 4047 1794 4106 1555
1818 4063 1906 4106 5515-

251 4163 338 4206 mum
368 4145 488 4208 malum
511 4145 705 4212 minabatur.

359 4246 456 4312 Anno
473 4252 535 4312 477
559 4247 699 4313 Eurieus
722 4270 782 4313 rex
798 4249 932 4314 Arelate
957 4255 990 4314 et
1005 4247 1187 4312 Massiliam
1216 4267 1295 4311 suae
1320 4247 1439 4311 dicioni
1463 4247 1607 4312 subdidit
1630 4246 1812 4332 (Iordanes,
1837 4249 1912 4316 Get.

252 4373 278 4415 e.
296 4352 351 4435 47)
376 4358 551 4437 ceteraque
568 4353 707 4418 castella
727 4354 815 4440 cepit
831 4351 990 4438 (Severus
1009 4351 1182 4439 Sulpicius,
1207 4350 1258 4416 ed.
1274 4350 1532 4436 Holder-Flgger
1555 4374 1586 4438 p.
1605 4352 1671 4437 75).
1717 4353 1809 4418 Inter
1832 4353 1913 4418 haee

251 4457 365 4540 procul
388 4457 487 4521 dubio
512 4457 665 4522 Reiensis
690 4476 818 4542 quoque
843 4456 956 4519 civitas
980 4462 1065 4536 erat,
1098 4475 1292 4540 quamquam
1316 4454 1348 4517 id
1372 4461 1529 4519 testatum
1552 4476 1617 4519 non
1641 4455 1813 4522 habemus.
1860 4456 1909 4522 Eo
1988 4497 1993 4508 ·

251 4567 397 4645 tempore
420 4560 578 4625 Faustum
603 4581 731 4642 senem,
760 4561 814 4646 qui
840 4560 939 4625 etiam
968 4565 1080 4622 contra
1103 4557 1244 4623 Arianos
1276 4557 1525 4645 disputavisset,
1558 4559 1599 4623 ab
1626 4555 1748 4624 Eurieo
1772 4581 1850 4646 rege
1880 4562 1912 4626 in

251 4664 388 4727 exilium
412 4665 541 4751 pulsum
567 4685 641 4729 esse
667 4665 788 4730 volunt.
835 4663 916 4726 Cum
941 4662 1093 4728 Sidonius
1118 4661 1214 4725 huius
1238 4663 1285 4726 rei
1309 4662 1509 4744 mentionem
1537 4664 1661 4727 nullam
1685 4663 1815 4744 feeerit,
1844 4664 1911 4729 151-

251 4772 338 4832 15555
361 4768 393 4832 id
417 4775 492 4855 post
517 4769 587 4833 eius
610 4774 747 4832 mortem
771 4789 799 4831 a.
819 4768 881 4831 479
906 4767 1052 4851 contigit.
1098 4764 1151 4828 Ex
1180 4765 1279 4828 exilio
1305 4765 1519 4852 (11.282,15)
1543 4766 1686 4830 Faustus
1710 4767 1839 4832 litteras
1870 4768 1911 4832 ad

251 4869 396 4936 Felicem
428 4872 530 4937 filium
565 4873 678 4958 Magni
719 4873 879 4953 consulis,
914 4871 1111 4957 discipulum
1146 4868 1277 4935 Leontii
1314 4870 1520 4934 Arelatensis
1564 4871 1610 4956 (p.
1632 4872 1706 4951 282,
1731 4873 1787 4953 26)
1823 4872 1913 4938 dedit

251 4973 334 5059 (FA.
358 4975 466 5056 XVI),
490 4977 609 5062 quibus
633 4977 879 5042 1515151511155
904 4975 1148 5041 ecclesiastieae
1175 4994 1250 5037 eum
1280 4973 1400 5041 decuit.
1445 4974 1570 5039 Eodem
1594 4981 1741 5061 tempore
1766 4976 1846 5040 item
1870 4998 1912 5041 ex

252 5079 351 5143 exilio
385 5079 462 5144 data
496 5088 546 5146 est
582 5083 723 5169 epistula
753 5081 822 5149 FA.
847 5082 881 5145 II
912 5081 954 5147 ad
981 5081 1165 5160 Ruricium,
1196 5080 1287 5143 euius
1317 5101 1436 5165 magna
1466 5100 1541 5166 pars
1570 5100 1643 5144 eum
1671 5077 1740 5142 FA.
1765 5080 1848 5145 XVI
1871 5082 1913 5147 ad

252 5184 386 5248 verbum
411 5186 573 5270 congruit:
619 5185 751 5264 151155,
776 5187 889 5273 inquit,
913 5187 1016 5267 quiete
1042 5205 1173 5267 empne,
1197 5187 1227 5249 si
1252 5205 1473 5266 (ignoscamus,
1497 5183 1660 5248 vacatione
1682 5183 1806 5264 deviati,
1837 5186 1914 5252 dum

250 5309 345 5354 rmoos
377 5289 458 5354 cives
492 5291 673 5356 comittereio
707 5290 854 5354 caritatis
883 5290 1100 5372 admittimus,
1137 5291 1214 5354 doru
1248 5291 1285 5354 rte
1322 5290 1556 5370 adquisitormu
1589 5285 1692 5351 salute
1728 5289 1912 5369 pendemus,

251 5393 334 5456 iuter
370 5393 446 5457 leuce
476 5396 578 5476 positi
606 5396 687 5460 botta
722 5397 888 5475 praesceti
922 5395 1116 5461 1555115555
1146 5393 1239 5459 exitio
1276 5398 1306 5458 et
1335 5393 1482 5473 1151115111
1510 5412 1567 5456 uos
1596 5412 1661 5455 11511
1687 5392 1831 5458 circaisse
1859 5395 1914 5458 secl

251 5503 456 5562 cornruutcsse
489 5500 712 5582 coprwscimus.
771 5497 920 5564 Duarum
961 5522 1089 5588 quoque
1126 5499 1377 5565 Ruricianarum
1423 5497 1635 5583 epistularum
1674 5495 1715 5560 ad
1753 5497 1913 5563 Faustum

251 5604 400 5668 datarum
424 5602 477 5687 (R.
501 5602 528 5682 I,
549 5602 634 5687 l.2),
659 5624 743 5688 quae
768 5608 912 5668 aetatem
936 5606 1096 5686 tulerunt,
1132 5605 1234 5668 altera
1270 5608 1359 5667 certe
1395 5601 1437 5666 ad
1471 5601 1662 5666 exulantem
1691 5601 1815 5687 scripta
1845 5608 1911 5666 est:

250 5708 382 5784 55111515,
406 5707 520 5792 inquit,
545 5708 719 5788 5511155515,
742 5711 780 5771 ut
801 5729 892 5790 quem
913 5710 950 5773 iri
965 5710 1138 5792 peregriua
1150 5708 1265 5791 11511111
1280 5705 1421 5789 appellas
1435 5706 1576 5782 liberum,
1600 5705 1636 5769 iu
1651 5705 1790 5786 proprie
1805 5706 1914 5787 possis

356 5845 483 5902 Sruomus.
1687 5840 1707 5894 h
