4560 6434
761 409 868 465 crans
886 411 920 474 ιι,
945 388 1024 463 xvir
1042 409 1058 478 5
1077 411 1094 464 s
1111 439 1144 448 -
1162 409 1214 463 xx
1231 410 1247 478 a
1265 411 1290 464 e.

603 598 628 636 1⁰
654 605 706 649 me
730 606 860 670 semper
881 586 1006 650 recolat
1029 589 1189 670 canatque
1213 585 1326 670 lingua

654 696 687 752 ot
709 710 800 754 mens
824 710 875 753 me
899 694 1019 771 teneat,
1043 710 1141 775 sopor
1163 694 1316 769 retentet,

653 814 706 856 me
730 813 860 878 semper
882 792 1006 857 recinat
1028 797 1119 857 tuum
1142 792 1307 858 labellum.

653 895 713 960 hos
737 902 772 960 tu
794 895 971 961 visceribus
995 896 1058 983 piis
1082 894 1234 977 reconde,

653 999 714 1064 hos
737 1005 825 1064 tecto
848 999 995 1065 residens
1017 1000 1167 1085 viamque
1192 1020 1340 1086 carpens,

604 1119 628 1157 1⁵
655 1103 716 1168 hos
738 1104 824 1169 inter
847 1104 966 1169 calices
989 1109 1059 1168 toro
1082 1103 1276 1169 recumbens

653 1212 689 1270 et
709 1228 824 1292 parces
847 1207 961 1292 epulas
984 1207 1139 1292 cibosque
1164 1207 1287 1287 dulces,

653 1317 746 1376 antro
769 1310 911 1397 pectoris
935 1316 967 1375 et
989 1310 1134 1377 medulla
1157 1309 1264 1376 cordia

654 1415 798 1479 inclusos
823 1415 934 1496 recita,
959 1422 1096 1480 canente
1119 1421 1239 1481 mente.

655 1519 702 1582 sic
725 1540 784 1583 nos
807 1524 840 1583 et
864 1529 992 1583 mutuos
1015 1517 1128 1584 videre
1151 1519 1261 1582 vultus

603 1635 628 1674 ‘2⁰
655 1627 689 1687 et
710 1622 794 1686 vivis
817 1622 939 1687 tribuat
963 1622 1085 1688 referre
1108 1621 1230 1700 verbis,

654 1747 737 1811 quae
760 1747 846 1791 nunc
869 1727 982 1791 intima
1004 1727 1148 1813 pectoris
1171 1725 1320 1812 fatigant,

653 1831 791 1917 largitor
812 1830 894 1896 deus
918 1831 1061 1895 omnium
1083 1831 1253 1911 bonorum,

654 1933 805 1999 Christus
828 1956 901 1999 cum
924 1940 1017 2021 patre
1041 1934 1239 2021 sempiterno
1263 1955 1414 2020 regnans,

654 2046 767 2102 sancto
792 2038 921 2125 spiritui
944 2039 1114 2125 dignantes
1136 2039 1284 2126 hymnos.

986 2332 1062 2399 XX.

333 2483 511 2550 DOMINO
534 2485 776 2552 INDIVIDUO
802 2487 1071 2562 snnPnRQUn
1095 2488 1347 2555 MAGNIFIOO
1372 2487 1493 2553 ululo
1518 2486 1711 2552 RUSTIOO

776 2591 990 2658 RURIOIUS
1013 2592 1269 2660 EPISOOPUS.

303 2705 548 2811 Inournrunrusn
571 2738 650 2803 mihi
672 2739 714 2804 ab
737 2739 809 2804 aliis
832 2744 865 2803 et
887 2738 980 2804 vobis
1003 2761 1023 2805 a
1045 2761 1097 2806 mc
1120 2741 1199 2806 facit
1221 2739 1365 2805 amicitia
1394 2739 1587 2820 communis,
1619 2740 1696 2824 quia
1717 2739 1771 2823 qui
1794 2760 1846 2802 me
1881 2741 1894 2799 1

160 2852 172 2891 ⁵
200 2838 286 2924 apud
309 2861 381 2933 vos,
411 2862 475 2906 non
502 2841 573 2907 dico
595 2842 751 2924 multum,
784 2843 848 2914 sed
865 2844 973 2909 omnia
994 2865 1091 2930 posse
1115 2843 1295 2924 confidunt,
1326 2843 1368 2909 ad
1390 2843 1597 2908 ecclesiolam
1621 2847 1765 2906 nostram
1789 2863 1846 2927 pro

201 2963 260 3008 sua
288 2945 463 3010 securitate
492 2946 691 3032 confugiunt.
736 2967 871 3032 quorum
899 2969 961 3033 ego
990 2969 1053 3012 non
1085 2968 1218 3034 possum
1249 2969 1312 3012 non
1343 2953 1378 3011 et
1408 2945 1580 3011 condolere
1608 2945 1784 3030 gemitibus
1814 2952 1848 3010 et

198 3047 353 3131 precibus
384 3047 556 3130 oboedire,
586 3058 623 3114 ut
652 3072 710 3137 pro
738 3052 883 3138 ipsorum
911 3051 1043 3137 quidem
1073 3058 1167 3117 reatu
1196 3051 1254 3116 sed
1282 3056 1315 3115 et
1337 3071 1396 3137 pro
1420 3055 1528 3115 restro
1551 3050 1675 3136 pariter
1697 3050 1847 3134 profectu

199 3151 355 3234 potestati
386 3157 514 3218 vestrae
544 3155 702 3219 attentius
732 3155 921 3242 supplicem.
971 3177 1034 3221 nec
1067 3155 1209 3236 mireris,
1243 3154 1328 3240 quod
1363 3154 1448 3246 dixi,
1482 3154 1611 3219 illorum
1644 3161 1772 3220 reatum
1806 3152 1847 3218 ad
1878 3156 1898 3216 2

201 3260 346 3318 vestrum
368 3257 533 3343 pertinere
561 3258 756 3344 profectum,
787 3256 948 3343 siquidem
977 3259 1105 3324 illorum
1134 3258 1339 3344 indulgentia
1363 3267 1473 3324 vestra
1500 3259 1536 3323 fit
1559 3259 1669 3340 venia,
1702 3259 1784 3323 sicut
1814 3264 1848 3323 et

148 3370 173 3408 ¹⁰
199 3357 331 3445 inopum
362 3359 544 3447 indigentia
573 3362 769 3447 largientum
804 3383 877 3428 esse
911 3363 1055 3427 noscitur
1090 3363 1194 3450 copia.
1244 3363 1305 3428 hcc
1339 3362 1425 3428 enim
1458 3362 1552 3427 nobis
1586 3362 1784 3428 retribuetur
1813 3362 1847 3426 in

198 3463 328 3546 iudicio,
352 3464 437 3549 quod
453 3466 713 3552 praestiterimus
729 3467 761 3530 in
778 3466 919 3548 saeculo,
943 3467 1073 3532 dicente
1089 3467 1161 3554 ipso
1185 3466 1328 3531 domino:
1351 3466 1539 3532 dimittite
1564 3472 1602 3532 et
1625 3465 1846 3531 dimittetur

199 3567 326 3649 vobis,
355 3569 443 3635 date
466 3575 508 3634 et
530 3569 691 3634 dabitur
713 3570 838 3646 vobis3
868 3571 1054 3636 etiterum:
1087 3571 1121 3636 si
1143 3570 1384 3636 dimiseritis
1409 3570 1648 3650 hominibus,
1677 3576 1714 3636 et
1736 3577 1847 3657 pater

200 3677 333 3737 vester
355 3672 546 3738 dimittet
569 3675 680 3740 vobis
705 3681 866 3761 peccata
889 3681 1031 3741 vestra.
1067 3674 1154 3740 unde
1169 3675 1340 3740 evidenter
1355 3674 1571 3760 agnoscimus,
1589 3673 1685 3739 deum
1702 3680 1848 3739 nostrum
1879 3676 1898 3737 3

201 3776 399 3841 sententiam
415 3798 506 3842 snam
522 3779 556 3842 in
570 3785 683 3843 nostra
699 3779 848 3864 posuisse
865 3800 1013 3862 censura,
1037 3781 1092 3866 qui
1114 3802 1247 3867 precum
1270 3786 1454 3845 nostrarum
1476 3778 1662 3843 misericors
1687 3786 1720 3843 et
1743 3779 1847 3842 iustus

149 3891 173 3929 1⁵
200 3877 329 3944 auditor
354 3883 511 3968 potestati
540 3905 619 3948 susc
648 3883 688 3949 de
718 3889 830 3947 nostra
859 3884 994 3950 lenitate
1025 3885 1250 3971 praescripsit,
1284 3889 1320 3948 ut
1353 3883 1387 3948 in
1411 3904 1466 3949 eos
1488 3880 1630 3969 quodam
1652 3880 1748 3946 modo
1782 3902 1847 3945 non

201 3980 340 4049 haberet
366 3985 417 4050 ius
441 3987 650 4068 severitatis,
674 4008 755 4073 quos
778 3987 831 4051 hic
854 3987 967 4052 avidos
990 4009 1053 4053 nou
1076 3989 1283 4075 perspexerit
1305 3987 1454 4063 ultionis;
1484 3987 1560 4072 quia
1583 3985 1668 4070 quod
1691 3985 1762 4071 ipse
1786 3991 1847 4067 est,

200 4084 263 4149 hoc
286 4095 319 4152 et
340 4110 400 4153 nos
423 4109 498 4156 csse
521 4091 696 4158 desiderat.
742 4093 925 4157 misericors
949 4100 1011 4171 est,
1037 4093 1265 4159 misericordes
1289 4092 1426 4178 quaerit,
1453 4091 1582 4156 dicens:
1614 4095 1742 4154 estote
1765 4110 1846 4175 per·
1879 4093 1898 4153 4

203 4189 318 4270 lecti,
357 4193 459 4257 sicut
493 4201 530 4260 ct
562 4203 677 4281 pater
714 4200 850 4261 vester
882 4196 1086 4281 perfectus
1120 4202 1196 4261 est.
1253 4197 1371 4262 cotidie
1405 4195 1535 4260 reniam
1568 4193 1779 4281 peccantibus
1815 4198 1848 4258 et

203 4292 461 4379 supplicantibus
489 4298 614 4374 tribuit;
643 4298 717 4364 ideo
744 4305 779 4364 et
805 4300 1041 4386 indulgentiam
1070 4323 1090 4366 a
1112 4299 1338 4388 peccatoribus
1361 4299 1476 4386 poscit.
1533 4297 1618 4363 unde
1643 4304 1677 4362 et
1699 4297 1847 4362 oratione
1880 4301 1899 4359 5

149 4407 175 4446 2⁰
201 4395 365 4463 dominica
398 4401 501 4486 ipsius
535 4401 670 4468 dicimus
704 4403 865 4468 doctrina:
905 4404 1071 4470 dimitte
1103 4406 1214 4470 nobis
1241 4404 1383 4470 debita
1405 4411 1554 4481 nostra,
1581 4403 1695 4467 sicut
1716 4408 1757 4466 et
1780 4420 1848 4465 nos

204 4499 452 4569 dimittimus
476 4503 721 4571 debitoribus
745 4508 906 4574 nostris.
951 4507 1068 4593 quibus
1093 4508 1201 4574 verbis
1224 4507 1403 4574 durissimis
1426 4529 1485 4571 noa
1505 4505 1642 4570 vinculis
1664 4504 1849 4590 inligamus,

202 4605 265 4670 nisi
287 4606 373 4693 quod
396 4608 588 4694 pollicemur
610 4610 793 4696 implemus,
818 4611 894 4696 quia
916 4617 949 4676 et
972 4631 1031 4698 per
1045 4611 1241 4698 prophetam
1257 4612 1304 4675 sic
1321 4610 1414 4675 dicit:
1438 4610 1547 4674 homo
1570 4608 1715 4673 homini
1740 4613 1848 4671 tenet

203 4708 297 4773 iram
327 4716 365 4774 et
387 4733 407 4774 a
429 4710 580 4777 domino
609 4715 759 4798 quaerit
782 4714 1008 4780 medellam?
1053 4721 1251 4801 quapropter
1274 4735 1330 4800 pro
1353 4713 1501 4790 Baxone,
1531 4712 1585 4796 qui
1609 4709 1651 4775 ad
1674 4710 1847 4775 ecclesiam
1880 4712 1899 4772 6

203 4812 330 4878 Userca
353 4815 514 4901 confugit,
542 4817 738 4882 intercessor
759 4818 893 4900 accedo,
924 4839 1074 4904 sperans,
1102 4825 1138 4882 ut
1161 4819 1299 4904 primum
1322 4837 1379 4902 pro
1402 4816 1456 4880 dei
1483 4817 1612 4894 timore,
1642 4813 1760 4878 deinde
1789 4835 1847 4899 pro

151 4929 176 4969 2⁵
203 4923 315 4982 nostra
341 4918 574 4984 intercessione
602 4921 664 5006 ipsi
692 4943 828 5008 parcere
852 4922 1007 5007 digneris.
1052 4921 1144 4986 cuius
1168 4920 1372 4985 absolutione
1397 4925 1430 4984 et
1454 4920 1486 4983 in
1510 4917 1605 4983 nobis
1629 4917 1745 4982 tollere
1769 4939 1847 4981 con-

203 5021 366 5086 fusionem
389 5029 423 5088 et
445 5024 537 5088 vobis
561 5025 701 5110 potestis
725 5047 914 5112 comparare
939 5025 1135 5092 mercedem.

307 5249 339 5301 11
358 5247 423 5302 Luc.
432 5247 480 5314 VI,
491 5248 533 5304 37.
546 5248 588 5302 38.
676 5249 708 5302 12
726 5247 826 5303 Mattn.
836 5248 883 5314 VI,
897 5249 937 5304 14.
1025 5249 1057 5302 17
1075 5247 1177 5303 Matth.
1187 5247 1220 5313 V,
1232 5247 1274 5302 48.
1360 5247 1396 5300 20
1413 5245 1628 5309 stastatuta.
1716 5246 1750 5296 ‘22
1766 5243 1848 5299 Eccli.

204 5332 329 5398 XXVIII,
346 5335 370 5388 3.

306 5490 330 5524 v.
349 5472 380 5524 12
401 5471 533 5540 labellum]
556 5474 689 5540 Bcsnape,
716 5475 811 5526 bellum
831 5471 869 5539 G,
895 5475 1011 5526 libellum
1031 5474 1149 5525 Oaaieiar
1272 5493 1296 5526 v.
1317 5473 1350 5526 18
1373 5481 1449 5526 canto
1468 5469 1493 5524 G
1616 5489 1640 5522 v.
1659 5469 1692 5521 19
1718 5473 1805 5524 nultos
1824 5469 1850 5523 G

204 5557 426 5627 v.‘221argiorG
528 5559 958 5628 v.24hym110s]tniuntuersus
975 5557 1079 5612 uatG
1176 5559 1193 5611 4
1211 5562 1244 5612 ab
1258 5557 1311 5625 G¹,
1327 5561 1360 5611 sb
1374 5556 1417 5612 θ’
1481 5555 1674 5612 ammisitiacG
1773 5556 1805 5608 ll
1823 5567 1850 5610 et

203 5645 352 5714 dimittetur]
371 5649 507 5700 dimittitur
527 5645 552 5698 G
690 5647 723 5699 13
740 5649 845 5701 dimittit
864 5645 889 5700 G
1022 5645 1055 5698 14
1073 5644 1205 5699 nostr‘aG
1345 5643 1377 5697 16
1394 5647 1487 5698 auidus
1508 5645 1543 5697 0¹
1648 5647 1805 5713 prospexerit
1825 5642 1850 5697 G

204 5733 237 5784 19
254 5742 417 5800 peccatorum
436 5753 502 5787 corr.
521 5751 537 5786 s
553 5735 732 5802 peccatoribus
753 5732 794 5787 θ’
899 5733 932 5786 21
953 5733 1140 5802 inlcgsmurG
1242 5731 1277 5785 ‘23
1294 5729 1377 5784 iraG

306 5851 433 5910 Smonrus.
611 5913 615 5920 ¹
1610 5851 1645 5908 42
