4732 6436
983 343 1165 402 KRUSCHII.
1842 353 1904 403 LXI
1942 365 1946 374 ·

241 519 359 585 idcireo
376 519 542 601 praemisi,
565 541 604 584 ne
626 520 815 585 Manichaei
837 521 941 601 ipsias
962 521 1083 585 Fausti
1105 542 1184 602 opas
1198 520 1380 602 infanstnrn
1396 522 1569 587 citeriorem
1584 523 1677 602 lanne,
1700 545 1791 605 quern
1807 525 1901 590 ctione

239 625 342 709 971111
374 629 477 688 nestra
509 630 654 702 noverat,
688 630 760 689 ortn
781 623 992 705 Britannum,
1015 625 1196 690 habitaculo
1218 625 1418 708 Rapiensenc,
1448 626 1540 690 titulo
1565 627 1704 691 nominis
1730 635 1902 694 accusaret.

243 731 385 796 Faustus
414 749 498 813 quae
527 729 568 794 de
597 729 705 794 subita
732 730 938 815 paenitentia
967 729 1063 795 etde
1088 730 1151 794 fide
1175 729 1413 817 disputaverat,
1444 729 1563 796 Avitum
1587 732 1640 796 hic
1662 733 1793 800 refellit.

351 834 475 899 Locum
499 855 541 898 ex
565 834 708 920 epistula
730 832 871 918 quadam
894 833 1008 898 Fausti
1032 835 1142 898 attulit
1165 835 1234 899 sire
1260 832 1434 900 Caesarius
1458 835 1527 899 sive
1558 836 1613 921 qui
1637 837 1719 902 alius
1734 837 1905 924 'epistulae

244 938 401 1003 Iohannis
425 938 460 1002 II
483 958 588 1024 papae
611 959 640 1002 a.
658 940 720 1001 534
744 937 785 1002 ad
804 937 996 1003 Caesarium
1019 937 1115 1002 datae
1133 943 1308 1004 tractatum
1331 959 1406 1004 eum
1427 939 1563 1022 adiecit,
1587 941 1620 1004 in
1637 961 1701 1027 quo
1718 947 1793 1006 sunt
1808 941 1904 1006 haec:

244 1043 282 1106 de
304 1042 418 1124 qrcilncs
440 1045 470 1104 et
491 1041 638 1105 Fanstns
660 1042 824 1123 ariscopns
845 1046 977 1106 sanetas
998 1041 1193 1122 inepistnio
1210 1065 1272 1107 sna
1294 1043 1396 1108 discit:
1419 1043 1541 1108 ‘Perdit
1560 1046 1700 1126 pronam
1722 1046 1904 1123 consecrati,

244 1147 302 1228 qni
324 1146 430 1209 adiano
452 1145 595 1225 officinm
617 1143 684 1210 onlt
705 1167 846 1210 11111111
867 1146 987 1210 rnariti’
1012 1145 1109 1230 (Call.
1135 1166 1225 1211 conc.
1250 1145 1336 1212 Gall.
1352 1147 1379 1226 Ι,
1403 1169 1436 1234 p.
1453 1151 1540 1231 970).

357 1250 472 1314 Fausti
495 1248 535 1314 de
559 1249 687 1313 ratione
715 1248 791 1313 fidei
815 1249 856 1314 ad
885 1249 1014 1313 obiecta
1036 1249 1197 1333 quaedam
1226 1252 1472 1335 responsionem
1494 1251 1531 1319 P.
1554 1251 1721 1336 Pithoeus,
1746 1252 1906 1319 Veterum

246 1355 371 1440 aliquot
394 1352 522 1418 Galliae
545 1352 773 1438 theologorum
797 1354 928 1439 scripta.
952 1353 1056 1419 Paris.
1084 1355 1176 1434 1586,
1200 1375 1231 1440 p.
1253 1357 1312 1418 124
1335 1354 1446 1421 edidit.

355 1455 436 1521 Erat
457 1456 600 1521 Faustus
632 1463 741 1522 orator
770 1458 923 1542 insignis,
959 1458 1051 1522 cuius
1086 1455 1161 1522 olim
1181 1458 1440 1538 praedicationes
1473 1481 1559 1524 nnnc
1587 1462 1782 1542 septentiam,
1811 1482 1906 1539 nnnc,

247 1562 331 1626 ratio
363 1582 435 1625 cnrn
461 1562 663 1643 poposcisset,
700 1560 902 1626 elnenbratos
937 1583 1059 1625 ronnas
1084 1560 1194 1644 phasor
1224 1563 1350 1626 ondioit
1383 1562 1538 1629 Sidonius
1571 1564 1616 1651 (p.
1643 1568 1713 1646 152,
1728 1567 1771 1650 7).
1825 1565 1906 1630 Eius

248 1666 400 1731 homiliae
428 1667 611 1752 permultae
644 1671 833 1752 supersunt,
861 1685 986 1751 paucas
1014 1686 1091 1730 vero
1121 1665 1223 1751 ipsius
1254 1669 1386 1732 nornine
1417 1668 1604 1754 inscriptae.
1658 1668 1795 1734 Constat
1819 1670 1905 1734 enim

248 1792 328 1857 quas
353 1791 382 1834 a.
409 1772 490 1833 1547
521 1768 703 1854 Gaigneius
735 1768 905 1834 Parisinus
936 1769 1036 1834 edidit
1065 1768 1217 1834 homilias
1247 1770 1306 1835 sub
1337 1772 1469 1836 nomine
1495 1771 1633 1838 Eusebii
1663 1771 1808 1838 Emiseni
1838 1774 1906 1860 epi-

249 1876 338 1961 scopi
362 1874 533 1961 plerasque
557 1893 632 1938 esse
656 1873 779 1938 Fausti.
824 1871 971 1937 Eusebio
996 1879 1030 1938 et
1051 1872 1085 1938 in
1109 1873 1276 1938 codicibus
1301 1875 1521 1940 attribuuntur
1544 1882 1577 1941 11
1598 1876 1778 1942 indecreto
1796 1877 1908 1942 Ivonis

248 1979 293 2062 II,
314 1984 333 2042 4
357 1978 499 2064 (hligne,
522 1977 645 2042 Patrol.
669 1976 743 2044 Lat.
772 1975 889 2056 CLXI,
913 1999 944 2064 p.
965 1980 1049 2060 139).
1078 1977 1211 2044 Eminet
1237 1979 1403 2045 intereas
1428 2000 1525 2065 quam
1549 1980 1635 2066 apud
1659 1979 1770 2063 Reios,
1799 2019 1837 2028 -
1868 1981 1908 2046 de

249 2080 437 2171 ‘praesenti’
468 2083 555 2147 enirn
585 2082 725 2146 eeclesia
752 2081 897 2166 loquitur
926 2081 982 2146 fol.
1006 2082 1068 2162 921,
1093 2120 1134 2130 —
1158 2083 1198 2148 de
1221 2091 1334 2148 saneto
1364 2083 1510 2148 Maximo
1539 2085 1693 2172 episeopo
1724 2090 1757 2149 et
1790 2085 1909 2151 abbate

249 2188 363 2253 habuit
394 2185 459 2272 (ed.
484 2185 667 2270 Gaigneius
689 2185 743 2250 fol.
767 2185 951 2270 89¹-94‘).
996 2185 1111 2251 Fausti
1138 2208 1211 2252 eam
1242 2209 1316 2253 esse
1348 2195 1479 2274 praeter
1509 2189 1573 2254 alia
1601 2188 1779 2254 ostendunt
1806 2190 1908 2254 verba

250 2315 316 2358 ecee
337 2290 427 2374 paoli
442 2291 584 2372 pecnnia
606 2289 818 2353 sacrdotium
840 2291 1056 2370 compararit.
1075 2339 1082 2354 .
1100 2339 1132 2355 ..
1162 2289 1251 2358 Unde
1273 2293 1348 2356 enit
1372 2293 1476 2374 nisani
1497 2297 1542 2358 est
1562 2293 1648 2376 qnod
1666 2293 1739 2357 emit
1756 2293 1824 2378 (fol.
1842 2292 1908 2378 93¹)

251 2404 439 2484 comparata
461 2417 534 2462 cum
550 2395 602 2476 iis,
627 2416 710 2480 quae
726 2393 769 2460 ad
783 2394 953 2459 Ruricium
970 2415 1075 2481 nuper
1095 2395 1288 2482 episcopum
1305 2403 1450 2462 creatum
1468 2397 1553 2462 infra
1568 2419 1599 2483 p.
1617 2400 1690 2476 270,
1708 2401 1749 2462 34
1767 2399 1908 2484 scripsit.

249 2503 430 2568 Praeterea
451 2499 614 2586 Dynamio
639 2500 791 2586 patricio,
815 2499 868 2584 qui
892 2504 1026 2564 auctore
1050 2499 1171 2565 Urbica
1195 2501 1350 2588 episcopo
1373 2501 1510 2567 Reiensi
1533 2503 1635 2566 vitam
1659 2501 1796 2567 Maximi
1821 2524 1909 2568 1111-

251 2607 361 2694 posuit
383 2605 525 2690 (Sarius,
549 2603 647 2668 Vitae
671 2602 729 2668 SS.
755 2608 833 2669 tom.
856 2601 915 2682 vl,
939 2624 970 2688 p.
994 2605 1057 2666 597
1075 2603 1177 2689 sqq),
1207 2604 1393 2670 chartarum
1416 2607 1584 2670 volumina
1615 2612 1746 2691 praesto
1769 2605 1910 2686 luerunt,

250 2731 332 2792 qrcoe
361 2731 400 2774 ea
429 2709 498 2773 eins
520 2708 670 2791 (Maximi
698 2706 782 2791 scil.)
814 2706 959 2787 operibns
981 2706 1154 2771 beatissimi
1176 2707 1297 2772 Fausti
1318 2709 1476 2773 metieritis
1492 2709 1744 2790 praedecessoris
1772 2709 1912 2774 sollertia

251 2816 360 2879 deuota
390 2812 560 2895 collepcrat.
612 2811 666 2876 llx
693 2810 745 2875 his
773 2811 914 2875 homiliis
943 2810 1025 2874 duas
1054 2810 1095 2875 de
1124 2812 1273 2897 symbolo
1305 2811 1370 2897 (ed.
1400 2812 1580 2898 Gaigneiue
1608 2812 1664 2879 fol.
1689 2812 1913 2899 14-33111

253 2919 397 2984 codicem
420 2915 582 3002 quendam
607 2913 837 2980 Matritenssm
866 2915 1034 2979 recensuit
1058 2914 1211 3001 Caepari‚
1247 2915 1463 2998 Unpedrnclrte
1488 2916 1616 2999 mana
1641 2938 1702 2983 cnr
1732 2917 1913 2982 Geschicbte

252 3023 306 3087 des
323 3019 543 3104 Tanfspnbods
570 3019 805 3104 (Christianiae
825 3021 916 3099 1869,
941 3025 1018 3085 tom.
1036 3019 1080 3100 ΙΙ,
1104 3043 1134 3106 p.
1155 3021 1215 3085 185
1233 3021 1327 3106 sqq.).
1379 3019 1645 3086 Admonitionem
1669 3021 1775 3088 saneti
1797 3021 1914 3087 Fausti

253 3124 414 3212 (‘Flausti’
439 3125 508 3192 cod.
533 3124 648 3210 Sang.)
678 3122 828 3189 Canisius
852 3124 1041 3207 (Lectiones
1069 3125 1224 3210 antiquas
1247 3124 1290 3207 V,
1311 3146 1342 3211 p.
1360 3127 1561 3211 421-423),
1591 3147 1760 3192 sermones
1788 3148 1849 3192 sex
1872 3125 1913 3190 ad

254 3231 431 3296 monachos
455 3229 603 3294 Martene
627 3236 661 3294 st
679 3228 816 3293 Durand
840 3228 1013 3314 (Veterum
1038 3230 1232 3315 scriptorum
1256 3236 1289 3295 11
1312 3237 1595 3296 monumentorum
1619 3232 1786 3315 collectio,
1809 3232 1912 3297 Paris.

256 3337 349 3417 1733,
377 3340 452 3398 tom.
480 3333 545 3414 IX,
573 3356 604 3420 p.
631 3337 685 3396 141
712 3333 796 3419 sqq.)
827 3331 1010 3398 ediderunt.
1063 3332 1130 3398 Mai
1163 3333 1392 3420 (spicilegium
1423 3334 1622 3418 Romanum,
1657 3336 1783 3401 Romae
1820 3337 1913 3416 1841,

254 3445 330 3504 tom.
355 3437 397 3519 V,
420 3460 451 3525 p.
471 3441 511 3502 85
528 3438 612 3524 sqq.)
638 3458 804 3503 sermones
829 3437 869 3503 de
896 3444 1104 3524 pentecoste,
1134 3437 1175 3503 de
1207 3444 1321 3503 saneta
1348 3440 1510 3521 trinitate,
1540 3439 1580 3505 de
1609 3439 1726 3526 spiritu
1756 3447 1913 3504 sanctae

256 3545 423 3610 codicibus
446 3543 542 3609 eruit.
587 3542 653 3608 Alii
676 3543 763 3608 inter
785 3543 925 3608 aliorum
949 3562 1118 3608 sermones
1142 3544 1256 3609 latent.

360 3647 512 3733 Denique
540 3667 638 3732 quem
667 3668 773 3733 nuper
800 3645 937 3733 Caspari
971 3645 1059 3733 (Alte
1086 3647 1156 3711 and
1182 3667 1261 3711 1111
1286 3645 1414 3729 Qneden
1439 3666 1498 3712 cnr
1524 3646 1707 3714 Gescbiehtc
1730 3647 1783 3711 des
1808 3645 1913 3726 Tanf-

255 3750 397 3835 spnrbols.
439 3750 656 3816 Christianiae
676 3752 768 3832 1879,
792 3773 823 3837 p.
841 3753 902 3816 250
924 3750 1009 3837 sqq.)
1033 3771 1050 3815 e
1074 3751 1186 3816 codice
1210 3751 1352 3837 quodam
1374 3750 1547 3836 Albigensi
1571 3750 1693 3837 publici
1722 3751 1801 3815 iuris
1824 3751 1914 3832 lecit,

256 3861 413 3922 tractatus
428 3854 579 3920 Faustini
602 3854 642 3918 de
665 3853 813 3940 symbolo
830 3854 951 3920 Fausto
974 3860 1085 3919 nostre
1109 3855 1253 3918 maxima
1276 3875 1318 3918 ex
1341 3860 1434 3941 parte
1456 3853 1671 3919 vindicandus
1695 3861 1757 3922 est.
1798 3853 1914 3918 Brevi-

257 3961 362 4025 arium
384 3939 512 4046 quoque
533 3959 689 4024 adversus
705 3958 858 4039 Arianos,
883 3959 969 4044 quod
993 3957 1184 4024 Sirmandus
1208 3957 1391 4045 (Opuscula
1406 3957 1592 4043 dogmatica
1608 3966 1756 4025 veterum
1771 3958 1914 4046 quinque

258 4065 463 4151 scriptorum.
513 4063 650 4129 Parisiis
680 4066 774 4145 1630,
801 4087 833 4151 p.
858 4066 1032 4146 73-135)
1061 4063 1177 4144 edidit,
1211 4065 1317 4149 ipsum
1340 4062 1500 4128 Faustum
1522 4065 1747 4150 composuisse
1773 4065 1914 4131 fortasse

257 4177 347 4236 recte
371 4171 580 4236 coniecerunt
602 4169 810 4235 Bollandiani
832 4169 933 4253 (Acta
956 4168 1015 4235 SS.
1040 4169 1130 4255 Sept.
1154 4175 1232 4234 tom.
1255 4168 1334 4250 VII,
1357 4190 1389 4255 p.
1406 4169 1492 4254 703).

364 4274 595 4340 Elocutionem
628 4274 743 4338 Fausti
776 4274 885 4338 multis
920 4272 1070 4338 laudibus
1095 4273 1248 4338 Sidonius
1282 4274 1423 4338 extollit:
1457 4273 1606 4352 inenmne,
1636 4274 1755 4359 inquit,
1778 4273 1917 4355 snsprieio

258 4379 403 4444 dictandi
428 4369 524 4443 istnd
562 4380 598 4443 in
630 4378 716 4442 ochis
749 4377 971 4460 tropolopicnrn
998 4398 1098 4458 penas
1125 4397 1163 4440 ac
1188 4376 1918 4459 19111111111111111111111111111111111111

258 4484 538 4548 eminentissimam
572 4483 618 4569 (p.
646 4485 717 4563 152,
741 4482 785 4568 5).
855 4481 941 4546 Eum
980 4502 1058 4547 vero
1100 4481 1234 4546 easdem
1272 4502 1324 4546 res
1366 4481 1482 4547 iisdem
1521 4483 1631 4548 verbis
1670 4489 1720 4547 ter
1759 4488 1917 4568 quaterve

259 4595 411 4675 repetere
440 4610 512 4654 cum
536 4589 592 4654 alii
615 4587 841 4669 adverterunt,
869 4593 938 4651 tum
962 4586 1121 4652 Oudinius
1145 4586 1423 4673 (Commentarius
1451 4586 1493 4651 de
1523 4587 1735 4673 scriptoribus
1759 4585 1917 4651 ecclesiae

259 4694 418 4778 antiquis,
441 4692 515 4759 Vol.
540 4692 566 4773 I,
592 4715 624 4779 p.
643 4693 757 4778 1313),
794 4693 864 4758 eius
903 4691 1116 4757 elucubrandi
1155 4693 1315 4757 rationem
1346 4691 1398 4756 his
1432 4691 1540 4756 verbis
1576 4692 1697 4778 optime
1735 4691 1916 4775 castigans:

259 4795 393 4874 Solebat,
417 4797 530 4882 inquit,
553 4795 709 4874 Faustin,
733 4796 781 4860 ita
799 4796 1021 4860 consonabat
1036 4796 1181 4877 phrases,
1203 4796 1341 4876 seipsam
1360 4795 1534 4877 aliqnando
1549 4795 1731 4859 verbotenus
1747 4814 1917 4874 eecnpere,

259 4905 296 4984 nt
311 4905 433 4964 11111111
448 4921 486 4964 ea
500 4899 576 4964 aliis
591 4905 686 4980 ntqne
700 4899 843 4964 indubiis
857 4900 996 4965 ninam
1006 4900 1162 4982 Epistolis
1176 4906 1205 4965 et
1222 4899 1398 4982 0111111711,
1421 4901 1458 4964 in
1475 4900 1590 4981 anbrcs
1604 4899 1742 4980 serpsnrn
1757 4897 1919 4962 interdurn

256 5013 298 5068 'ac
319 5025 412 5085 saepe
434 5005 591 5069 rescribit.

367 5108 420 5173 De
443 5109 535 5174 libris
559 5110 690 5195 scriptis
716 5109 888 5196 editisque,
912 5111 967 5196 qui
990 5111 1178 5176 contineant
1198 5108 1374 5174 Faustiana
1396 5109 1430 5173 11
1452 5108 1515 5172 hoc
1531 5107 1694 5173 volumine
1711 5107 1810 5189 edita,
1835 5107 1919 5172 infra

261 5234 396 5300 agemus
419 5220 493 5301 post
517 5213 703 5296 Ruriciana,
727 5213 922 5300 quibuscum
946 5236 1047 5301 saepe
1071 5214 1281 5301 reperiuntur
1304 5214 1500 5278 consociata.
