4634 6458
868 422 1180 478 uam-am.

567 598 577 660 i
600 617 685 663 nunc
709 604 743 663 et
765 598 886 664 veteris
909 598 1018 684 profer
1040 597 1217 684 praeconia
1239 596 1337 677 'lulli

568 709 661 768 aetas
685 723 767 768 cana
789 708 929 789 patrum,
954 701 1039 788 quod
1063 702 1197 789 pulchro
1221 701 1412 790 hortamine
1427 702 1571 767 mendax

498 821 536 858 ²⁹⁰
568 807 712 871 occuluit
735 805 842 891 refugi
864 807 1014 870 nutantia
1036 805 1169 870 foedera
1191 804 1296 869 Metti.

567 909 613 973 nil
637 909 743 974 simile
768 917 820 974 est
843 910 977 994 fallique
1000 916 1093 974 tuum
1116 909 1174 975 tibi
1198 931 1263 974 non
1286 911 1396 994 placet
1418 908 1557 973 hostem.

568 1019 645 1078 tunc
668 1014 748 1079 vicit
770 1014 876 1095 miles,
899 1013 976 1077 dum
1000 1035 1035 1077 se
1059 1017 1154 1099 putat
1177 1033 1252 1078 esse
1275 1012 1467 1090 iuvandum3

568 1117 620 1182 hic
643 1119 732 1198 vicit,
756 1123 930 1202 postquam
953 1137 989 1182 se
1013 1117 1173 1201 comperit
1195 1138 1268 1182 esse
1293 1118 1451 1182 relictum.

568 1221 635 1286 dux
659 1222 753 1307 fugit,
778 1221 977 1306 insequeris;
1002 1225 1138 1284 renovat
1161 1222 1352 1302 certandna,
1377 1223 1496 1298 vincis:

497 1345 527 1376 ··
568 1325 741 1405 clauditur,
765 1346 952 1410 expugnas3
977 1324 1128 1405 elabitur,
1151 1326 1263 1390 obruis
1287 1333 1384 1412 atque

569 1429 772 1494 Sarmaticae
794 1430 869 1514 paci
893 1429 1034 1514 pretium
1059 1450 1118 1493 sua
1141 1429 1258 1495 funera
1280 1431 1384 1517 ponis.

567 1541 712 1619 paretur,
734 1534 860 1598 iussum
885 1533 984 1598 subiit
1007 1535 1071 1598 ianr
1093 1535 1265 1620 transfuga
1287 1535 1389 1600 letum

566 1643 664 1720 atque
688 1637 862 1721 peregrino
887 1635 1006 1700 cecidit
1029 1643 1086 1700 tua
1111 1637 1242 1702 victima
1265 1637 1362 1703 ferro.

568 1761 646 1805 ecce
670 1742 798 1820 iterum,
823 1742 849 1805 si
872 1741 956 1805 forte
979 1742 1097 1828 placet,
1122 1743 1270 1828 conflige,
1294 1749 1454 1810 vetustas:

498 1859 536 1896 ³⁰0
567 1844 738 1910 Hannibal
761 1845 816 1910 ille
840 1846 936 1910 ferox
958 1846 1000 1910 ad
1022 1866 1163 1932 poenam
1187 1846 1271 1912 forte
1294 1847 1427 1934 petitus,

568 1949 631 2013 etsi
655 1969 720 2013 non
743 1948 858 2013 habuit
880 1949 931 2013 ius
955 1950 1042 2015 vitae
1065 1949 1130 2014 fine
1153 1970 1315 2036 supremo,

568 2059 656 2117 certe
680 2052 796 2116 habuit
818 2053 949 2116 mortis:
974 2074 1070 2138 quern
1096 2075 1216 2120 caecus
1240 2075 1352 2120 carcer
1375 2062 1409 2119 et
1432 2076 1534 2119 uncus

568 2163 601 2220 et
624 2177 721 2240 quem
746 2157 945 2242 expectabat
967 2157 1130 2222 fracturus
1154 2165 1285 2243 guttura
1308 2161 1411 2238 lictor,

568 2259 677 2325 hausit
700 2259 864 2346 Bebrycio
890 2262 1090 2325 constantior
1113 2263 1242 2349 hospite
1266 2265 1370 2338 virus;

499 2378 535 2415 ···'·
568 2385 643 2428 nam
666 2371 699 2430 te
724 2366 779 2450 qui
801 2365 894 2450 lugit,
919 2365 1073 2430 mandata
1095 2374 1200 2449 morte
1223 2375 1424 2455 peremptus,

568 2490 631 2532 non
656 2475 722 2532 tam
745 2468 876 2534 victoris
900 2470 999 2554 periit
1023 2491 1118 2555 quam
1144 2471 1260 2536 iudicis
1284 2494 1349 2538 ore.

619 2571 714 2637 Nunc
737 2572 827 2653 ades,
852 2594 871 2636 o
895 2573 1016 2654 Paean,
1041 2575 1132 2638 lauro
1158 2576 1210 2638 cui
1234 2598 1354 2662 grypas
1378 2578 1524 2644 obuncos

570 2677 666 2741 docta
688 2677 802 2762 lupata
824 2676 937 2761 ligant,
961 2678 1113 2761 quotiens
1137 2699 1196 2764 per
1217 2680 1354 2746 frondea
1377 2682 1447 2746 lora

570 2781 675 2845 flectis
696 2781 883 2865 penniferos
907 2781 1014 2845 ederis
1039 2782 1240 2847 bicoloribus
1264 2804 1387 2856 armos:

572 2886 636 2950 huc
659 2892 814 2951 converte
839 2885 973 2972 chelyn:
997 2907 1063 2951 non
1086 2895 1138 2952 est
1160 2887 1255 2952 modo
1279 2888 1389 2955 dicere
1414 2899 1542 2978 tempus

570 2991 722 3077 Pythona
746 2992 943 3056 exstinctum
968 3013 1029 3056 nec
1052 2991 1102 3057 bis
1128 2999 1265 3078 septena
1289 3015 1405 3061 sona-re

570 3096 708 3160 vulnera
730 3094 950 3176 Tantalidum,
975 3116 1112 3181 quorum
1136 3097 1195 3162 tibi
1218 3099 1334 3164 funera
1357 3108 1466 3165 serrat

568 3205 684 3265 cantus
709 3206 743 3265 et
766 3207 901 3266 aeterno
924 3202 1040 3266 vivunt
1062 3201 1095 3265 in
1118 3185 1260 3268 carmine
1283 3210 1416 3269 mortes.

569 3325 627 3368 vos
652 3324 791 3390 quoque,
816 3303 1012 3388 castalides,
1036 3307 1149 3392 paucis
1173 3327 1237 3392 quo
1260 3309 1391 3373 numine
1415 3309 1510 3374 nobis

501 3423 538 3458 '⁵
573 3409 700 3473 venerit
722 3408 918 3474 Anthemius
941 3410 1064 3494 gemini
1088 3432 1165 3475 eum
1185 3410 1317 3476 loedere
1341 3413 1435 3497 regni

569 3510 717 3599 pandite:
741 3534 809 3600 pax
831 3534 942 3578 rernm
965 3514 1053 3578 misit
1077 3515 1132 3600 qui
1154 3515 1242 3579 bella
1265 3515 1435 3600 gubernet.

624 3617 774 3684 Auxerat
796 3618 967 3703 Augustus
991 3625 1128 3684 naturae
1152 3620 1227 3705 lege
1253 3618 1396 3686 Severus

569 3718 718 3786 dirorum
743 3742 930 3797 numerum;
954 3743 1051 3807 quem
1075 3742 1151 3786 mox
1175 3722 1334 3788 Oenotria
1356 3745 1467 3788 casum

569 3825 648 3890 vidit
670 3833 708 3889 ut
728 3827 818 3891 aerei
841 3825 882 3894 de
904 3827 1041 3912 rupibus
1063 3826 1254 3914 Appennini

502 3945 520 3962 ··
572 3931 682 4017 pergit
702 3931 849 3996 ¹caerulei
872 3932 995 3996 vitreas
1019 3930 1060 3995 ad
1083 3929 1259 4017 Thybridis
1281 3930 1392 4012 aedes,

570 4055 635 4099 non
659 4036 755 4120 galea
778 4036 934 4101 conclusa
955 4055 1059 4121 genas
1083 4036 1160 4121 (nec
1183 4036 1289 4101 sutilis
1313 4035 1360 4099 illi

569 4139 709 4204 circulus
733 4140 873 4227 inpactis
896 4140 1031 4204 loricam
1055 4141 1163 4204 texuit
1184 4140 1317 4224 hamis),

569 4242 626 4308 sed
650 4244 774 4309 nudata
797 4250 909 4331 caput;
935 4266 994 4331 pro
1017 4245 1107 4310 crine
1131 4245 1305 4312 racemifer
1328 4246 1397 4310 exit

568 4350 708 4437 plurima
730 4371 790 4435 per
812 4349 952 4414 frontem
978 4350 1209 4434 constringens
1233 4348 1354 4435 oppida
1378 4349 1513 4435 palmes,

499 4490 530 4502 ··
571 4473 696 4539 perque
720 4473 849 4520 umeros
872 4459 1006 4532 teretes,
1030 4455 1204 4518 rutilantes
1227 4474 1351 4540 perque
1375 4454 1516 4518 lacertos

534 4603 537 4608 -
570 4555 714 4641 pendula
736 4557 949 4640 gemmiferae
972 4557 1170 4622 mordebant
1194 4577 1337 4644 suppara
1359 4556 1478 4621 bullae.

569 4661 703 4746 segnior
724 4661 848 4725 incedit
872 4662 962 4727 senio
986 4661 1238 4746 venerandaque
1261 4659 1409 4726 membra

567 4763 756 4828 viticomam
780 4765 924 4830 retinens
947 4766 1056 4831 baculi
1076 4766 1149 4831 vice
1173 4767 1275 4831 flectit
1298 4765 1340 4830 ad
1363 4765 1499 4829 ulmum.

569 4866 627 4932 sed
651 4874 761 4934 tamen
783 4867 928 4934 Vbertas
952 4871 1113 4955 sequitur:
1137 4889 1342 4956 quacumque
1366 4868 1574 4956 propinquat,

504 4983 542 5022 ³³⁰
576 4971 709 5037 incessu
734 4973 889 5038 fecundat
914 4975 990 5050 iter;
1014 4975 1236 5059 comitataque
1259 4993 1408 5058 gressum

571 5076 660 5140 laeta
683 5099 743 5164 per
765 5079 945 5165 impressas
969 5085 1058 5144 rorat
1073 5078 1250 5144 Vindemia
1271 5078 1413 5163 plantas.

570 5181 659 5247 ilicet
682 5182 863 5268 ingreditur
885 5180 1031 5247 Tiberini
1056 5182 1197 5269 gurgitis
1220 5187 1364 5255 antrum;

305 5404 356 5457 288
374 5409 442 5460 tullii
466 5407 490 5457 Τ
607 5405 660 5459 290
681 5409 743 5460 meti
766 5408 818 5473 ΤΡ,
844 5411 920 5461 moeti
941 5409 968 5472 0,
992 5411 1056 5461 meri
1075 5408 1103 5460 F
1221 5405 1271 5459 291
1293 5403 1355 5471 non]
1379 5421 1427 5457 nec
1450 5402 1496 5454 ΤΡ
1614 5400 1667 5456 396
1687 5402 1819 5471 pretitium
1838 5401 1867 5453 F

202 5491 254 5545 303
272 5495 403 5561 spectabat
418 5495 440 5546 0
523 5491 574 5546 307
587 5495 692 5562 griphos
707 5494 732 5544 Τ
730 5495 782 5559 ΟΡ,
798 5497 878 5563 grilas
890 5496 919 5547 F
1001 5493 1053 5548 309
1070 5495 1241 5548 biscaioribus
1251 5492 1276 5544 P
1360 5489 1412 5544 315
1423 5491 1551 5543 antemius
1561 5489 1587 5540 P
1671 5487 1863 5558 diiungemus

101 5603 102 5606 ¹
199 5587 306 5632 auxerat
322 5580 362 5629 F'²
430 5579 546 5646 severus]
565 5599 610 5648 pro
628 5599 710 5648 aspra
728 5600 743 5631 v
758 5581 799 5633 0¹>
903 5582 955 5634 318
973 5585 1018 5634 rix
1037 5583 1200 5635 Wilamorcr'ta
1304 5578 1356 5632 319
1373 5581 1446 5646 vidit,
1464 5587 1490 5631 et
1502 5577 1652 5640 Buecheler,
1670 5583 1699 5627 nt
1717 5577 1787 5629 ridet
1807 5576 1860 5629 Leo

198 5682 258 5717 aere
271 5666 299 5717 F
383 5665 434 5718 322
452 5670 546 5720 textuit
558 5668 587 5718 F
669 5666 722 5721 325
738 5671 826 5722 teretis
839 5669 869 5733 P,
887 5678 970 5722 tentos
982 5669 1011 5720 F
1094 5669 1144 5721 327
1163 5670 1234 5721 senio
1247 5685 1314 5720 corr.
1326 5669 1354 5720 in
1371 5669 1448 5736 genio
1459 5683 1530 5717 man.
1540 5683 1585 5732 pr.
1597 5664 1626 5715 ia
1645 5661 1767 5714 Vaticano
1782 5667 1863 5724 342&
1887 5653 1890 5662 ’

198 5752 274 5819 genio
293 5751 387 5804 TCI’F
487 5753 539 5806 338
556 5753 666 5821 olorum]
685 5758 747 5808 hum
766 5757 795 5807 F
896 5757 946 5808 339
964 5774 1127 5824 syriorumque
1146 5757 1174 5807 F
1275 5753 1324 5805 331
1345 5762 1414 5806 rorat
1432 5771 1479 5804 cnr.
1495 5752 1544 5816 0⁸,
1562 5758 1628 5803 rotat
1647 5749 1675 5800 F
