4560 6434
406 411 470 475 310
734 405 874 464 aaaron
891 403 1150 463 EPISTULARUM
1172 403 1280 460 urana
1297 405 1319 469 Ι,
1342 403 1434 460 XVIII
1451 404 1496 473 §2
1514 434 1547 446 -
1566 403 1659 460 XVIII
1676 405 1729 474 95.

279 578 313 652 θ
354 584 374 646 2
405 580 524 668 quibus
548 583 638 650 salve
660 583 836 671 plurimum
859 581 931 648 dico
954 587 1003 664 et,
1031 588 1068 646 ιιι
1091 580 1252 670 propositi
1273 580 1322 646 tui
1349 601 1481 666 semper
1506 579 1744 661 reminiscaris,
1775 579 1946 648 admoneo.
1991 603 2054 649 nec

404 687 548 752 animum
578 692 669 754 tuum
692 688 756 754 iam
779 685 841 752 deo
865 686 1010 752 dicatum
1033 692 1090 751 out
1112 708 1133 750 e
1155 691 1271 772 coepto
1295 685 1412 750 itinere
1434 683 1585 749 blandior
1608 684 1696 750 risus
1719 691 1837 750 avocet
1859 693 1917 750 aut
1938 685 2055 750 modu·

402 790 499 855 latior
527 796 712 878 corrumpat
738 790 869 857 auditus
896 797 953 856 aut
980 789 1107 855 dulcior
1134 795 1251 876 gustus
1282 788 1406 854 inficiat
1435 793 1492 853 aut
1518 788 1649 853 mollior
1680 789 1836 854 eoliicitet
1861 795 1968 855 tactus
1996 796 2056 856 eut

404 895 536 960 suavior
561 895 717 962 odoratus
750 895 888 976 inliciat,
922 901 959 960 ut
986 915 1046 980 per
1071 894 1233 958 fenestras
1261 893 1407 979 corporis
1441 913 1529 957 mors
1565 892 1798 957 intromittatur
1826 892 1868 957 ad
1901 894 2052 958 animam.

352 997 371 1059 3
405 997 463 1063 sod
485 1019 592 1084 neque
616 999 734 1062 stivam
757 1005 883 1078 tenens,
908 1005 1022 1064 contre
1043 998 1166 1063 domini
1189 997 1387 1062 sententiam
1411 1003 1498 1062 retro
1521 997 1689 1083 respicias,
1712 1003 1749 1061 ut
1767 997 1928 1064 directum
1945 999 2054 1064 lineos
2098 1011 2111 1050 ⁵

404 1102 513 1167 sulcus
536 1103 679 1167 emittat:
703 1103 781 1188 quin
803 1104 911 1190 potius
928 1103 973 1168 Ita
988 1103 1021 1167 in
1038 1124 1124 1183 eum,
1148 1102 1200 1166 cui
1214 1107 1259 1182 te,
1281 1101 1354 1188 ipso
1370 1101 1559 1188 inspirante,
1581 1101 1709 1182 rosisti,
1734 1100 1884 1166 omnibus
1901 1102 2054 1167 sensibus

403 1204 510 1270 inhies
541 1211 575 1271 et
603 1205 700 1270 corde
727 1205 855 1271 defixus
884 1205 1078 1286 adhaereas,
1106 1212 1157 1287 ut,
1188 1225 1263 1269 cum
1291 1210 1324 1270 te
1352 1205 1406 1270 vel
1435 1226 1500 1270 una
1526 1204 1750 1292 praefatorum
1779 1203 1932 1271 vitiorum
1962 1206 2054 1271 inlex

403 1310 507 1375 forma
533 1311 727 1396 pulsaverit,
760 1309 824 1374 fide
853 1310 946 1374 firma
977 1317 1010 1375 et
1037 1310 1149 1374 divina
1175 1307 1387 1375 meditatione
1416 1309 1575 1390 munitum
1597 1315 1713 1395 pectus
1736 1308 1827 1374 adire
1851 1331 1916 1374 non
1939 1309 2053 1396 possit.

351 1418 370 1478 4
404 1419 437 1478 et
459 1413 640 1499 quamlibet
662 1415 696 1479 in
718 1413 823 1479 turbis
847 1415 975 1500 positus
1004 1435 1078 1479 esse
1100 1412 1255 1492 videaris,
1285 1412 1410 1478 intrans
1439 1412 1472 1476 in
1500 1413 1684 1478 cubiculum
1714 1412 1821 1478 cordis
1848 1414 1910 1493 tui,
1941 1415 2054 1479 clauso

404 1517 487 1582 ostio
510 1523 575 1602 tuo,
599 1518 765 1583 dominum
788 1539 882 1583 orare
905 1538 971 1582 non
994 1517 1134 1596 desinas,
1164 1524 1200 1582 ιιι
1223 1517 1279 1603 qui
1301 1515 1448 1582 videtin
1471 1517 1597 1582 occulto
1621 1515 1710 1581 dicat
1731 1516 1802 1596 tibi,
1833 1518 1916 1583 siout
1939 1525 2053 1583 sancto
2083 1532 2111 1570 ¹⁰

351 1625 370 1684 5
404 1619 510 1707 Moysi
533 1621 725 1687 vociferanti
747 1621 787 1685 ad
812 1643 848 1686 se
872 1642 937 1685 non
954 1643 1034 1687 voce
1058 1619 1118 1690 sed
1139 1619 1237 1685 corde
1253 1619 1399 1685 dicebat:
1423 1618 1514 1705 quid
1538 1620 1684 1684 clamos
1707 1619 1755 1684 ad
1777 1625 1856 1685 me?
1896 1626 1929 1684 et
1945 1642 2054 1707 spero,

402 1727 495 1790 utin
519 1726 639 1792 talibus
662 1724 863 1792 orationibus
886 1727 984 1790 etiam
1006 1727 1071 1790 mei
1094 1726 1283 1790 memmisse
1306 1724 1466 1811 digneris,
1498 1729 1531 1787 et
1558 1723 1655 1788 citius
1677 1731 1710 1787 te
1732 1722 1774 1789 ad
1796 1745 1871 1806 nos,
1903 1725 2001 1790 etiam
2024 1725 2054 1790 ei

385 1827 514 1894 ‘noster
535 1849 600 1894 non
622 1829 748 1895 reducit
770 1831 920 1912 affectus,
943 1827 1145 1894 desiderium
1167 1828 1377 1894 dulcissimae
1400 1833 1433 1892 et
1456 1826 1691 1892 saluberrimae
1715 1827 1834 1913 quietis
1858 1827 2009 1893 adducat.
2048 1855 2049 1858 ¹

508 2087 542 2142 10
559 2086 660 2142 Matth.
673 2086 722 2152 Vl,
740 2087 765 2142 6.
853 2089 886 2142 11
905 2085 990 2142 Exod.
1009 2085 1083 2153 XIV,
1102 2087 1143 2143 lo.

509 2245 521 2296 I
541 2241 724 2311 reminiscaris]
749 2247 776 2296 ni
794 2262 814 2296 a.
833 2246 850 2298 ι.
872 2245 911 2296 0¹
1034 2243 1052 2296 4
1074 2245 1163 2298 inlicet
1184 2254 1210 2298 st
1226 2263 1272 2314 per
1292 2245 1316 2297 θ
1436 2243 1453 2297 5
1476 2262 1559 2312 nequo
1578 2271 1610 2282 -
1629 2243 1646 2298 6
1663 2243 1777 2312 amittat]
1801 2263 1833 2298 ec
1857 2246 1968 2313 opicerda
1988 2263 2054 2313 quoe

404 2329 498 2382 diere
511 2331 599 2384 Seueri
610 2332 642 2384 de
658 2333 747 2383 ultimo
760 2332 853 2383 iudicio
865 2349 885 2384 o.
898 2335 915 2382 2
928 2331 978 2396 (ed
992 2331 1075 2382 Halm
1082 2349 1112 2398 p.
1122 2331 1199 2397 220).·
1216 2348 1249 2384 ιιι
1266 2349 1372 2384 manum
1389 2339 1473 2384 aratro
1491 2333 1606 2384 inserens
1623 2339 1762 2384 retrorsum
1780 2349 1905 2385 converse
1921 2333 2052 2400 respicias,

403 2435 455 2484 quo
472 2419 562 2484 utiquo
579 2420 605 2469 in
623 2426 649 2470 te
665 2418 789 2470 redeunte
806 2419 877 2483 vitio,
895 2417 1010 2470 ordinem
1027 2435 1104 2470 suum
1121 2433 1226 2471 necesse
1243 2427 1282 2470 ost
1300 2419 1389 2472 sulcus
1406 2420 1513 2485 amittat,
1530 2418 1658 2486 moripno
1675 2435 1736 2483 esec,
1751 2418 1859 2485 Beluae,
1875 2419 2055 2485 dsuoclloaea,

404 2505 495 2569 Prcef.
514 2505 610 2557 moue
729 2501 762 2555 12
785 2505 899 2573 digneris
919 2504 942 2557 θ
1064 2503 1097 2557 13
1113 2502 1209 2573 nostsr]
1228 2498 1261 2560 ιιῑ
1277 2506 1388 2574 (seraper
1402 2525 1453 2574 pro
1471 2504 1567 2570 noster)
1588 2504 1620 2567 θ,
1642 2505 1709 2558 inter
1727 2505 1847 2558 cauam
1932 2503 2053 2573 adducat]

404 2576 495 2644 ιιιιῑι
512 2579 625 2646 noum
644 2591 772 2644 acaron
790 2576 1008 2646 arrenonsnu'
1020 2577 1077 2644 nin
1094 2593 1222 2645 narnus
1240 2592 1302 2644 aaa
1324 2594 1347 2644 e
