<?xml version="1.0" encoding="UTF-8"?>
<!DOCTYPE html PUBLIC "-//W3C//DTD XHTML 1.0 Transitional//EN"
    "http://www.w3.org/TR/xhtml1/DTD/xhtml1-transitional.dtd">
<html xmlns="http://www.w3.org/1999/xhtml" xml:lang="en" lang="en">
 <head>
  <title>
</title>
<meta http-equiv="Content-Type" content="text/html;charset=utf-8" />
  <meta name='ocr-system' content='tesseract 3.04.00' />
  <meta name='ocr-capabilities' content='ocr_page ocr_carea ocr_par ocr_line ocrx_word'/>
</head>
<body>
  <div class='ocr_page' id='page_1' title='image "./monumentagerman03mittgoog/monumentagerman03mittgoog_0377.png"; bbox 0 0 4612 6428; ppageno 0'>
   <div class='ocr_carea' id='block_1_1' title="bbox 426 370 1556 437">
    <p class='ocr_par' dir='ltr' id='par_1_1' title="bbox 426 370 1556 437">
     <span class='ocr_line' id='line_1_1' title="bbox 426 370 1556 437; baseline -0.004 -8"><span class='ocrx_word' id='word_1_1' title='bbox 426 375 488 437; x_wconf 80' lang='grc'>290</span> <span class='ocrx_word' id='word_1_2' title='bbox 940 371 1069 426; x_wconf 81' lang='lat' dir='ltr'><strong>FAUSTI</strong></span> <span class='ocrx_word' id='word_1_3' title='bbox 1088 370 1329 437; x_wconf 79' lang='lat' dir='ltr'>ALIORUMQUE</span> <span class='ocrx_word' id='word_1_4' title='bbox 1346 370 1556 426; x_wconf 78' lang='lat' dir='ltr'>EPISTULAB.</span> 
     </span>
    </p>
   </div>
   <div class='ocr_carea' id='block_1_2' title="bbox 317 533 2127 1258">
    <p class='ocr_par' dir='ltr' id='par_1_2' title="bbox 317 533 2127 1258">
     <span class='ocr_line' id='line_1_2' title="bbox 317 533 2073 633; baseline 0.002 -29"><span class='ocrx_word' id='word_1_5' title='bbox 317 533 349 604; x_wconf 82' lang='lat' dir='ltr'><strong><em>G</em></strong></span> <span class='ocrx_word' id='word_1_6' title='bbox 427 545 591 631; x_wconf 80' lang='lat' dir='ltr'>putaverit</span> <span class='ocrx_word' id='word_1_7' title='bbox 613 544 800 610; x_wconf 76' lang='lat' dir='ltr'><strong>fraternitas</strong></span> <span class='ocrx_word' id='word_1_8' title='bbox 824 551 890 622; x_wconf 90' lang='lat' dir='ltr'>tua,</span> <span class='ocrx_word' id='word_1_9' title='bbox 914 553 970 610; x_wconf 89' lang='lat' dir='ltr'>aut</span> <span class='ocrx_word' id='word_1_10' title='bbox 994 546 1210 633; x_wconf 78' lang='lat' dir='ltr'><strong>subscriptam</strong></span> <span class='ocrx_word' id='word_1_11' title='bbox 1233 567 1331 610; x_wconf 91' lang='lat' dir='ltr'>manu</span> <span class='ocrx_word' id='word_1_12' title='bbox 1355 547 1488 632; x_wconf 87' lang='lat' dir='ltr'>propria</span> <span class='ocrx_word' id='word_1_13' title='bbox 1511 566 1588 610; x_wconf 88' lang='lat' dir='ltr'>mox</span> <span class='ocrx_word' id='word_1_14' title='bbox 1612 546 1755 610; x_wconf 90' lang='lat' dir='ltr'>remittat</span> <span class='ocrx_word' id='word_1_15' title='bbox 1778 552 1835 610; x_wconf 90' lang='lat' dir='ltr'>aut</span> <span class='ocrx_word' id='word_1_16' title='bbox 1858 543 2073 630; x_wconf 90' lang='lat' dir='ltr'>sequentibus</span> 
     </span>
     <span class='ocr_line' id='line_1_3' title="bbox 378 648 2072 736; baseline 0.002 -26"><span class='ocrx_word' id='word_1_17' title='bbox 378 649 554 734; x_wconf 74' lang='lat' dir='ltr'>lssscriptis</span> <span class='ocrx_word' id='word_1_18' title='bbox 578 650 707 714; x_wconf 88' lang='lat' dir='ltr'>omniuo</span> <span class='ocrx_word' id='word_1_19' title='bbox 732 672 766 714; x_wconf 89' lang='lat' dir='ltr'>se</span> <span class='ocrx_word' id='word_1_20' title='bbox 790 650 993 736; x_wconf 80' lang='lat' dir='ltr'>improbasse</span> <span class='ocrx_word' id='word_1_21' title='bbox 1017 648 1222 734; x_wconf 89' lang='lat' dir='ltr'>respoudeat.</span> <span class='ocrx_word' id='word_1_22' title='bbox 1269 649 1355 734; x_wconf 90' lang='lat' dir='ltr'>quod</span> <span class='ocrx_word' id='word_1_23' title='bbox 1379 651 1407 713; x_wconf 92' lang='lat' dir='ltr'>si</span> <span class='ocrx_word' id='word_1_24' title='bbox 1431 671 1504 713; x_wconf 90' lang='lat' dir='ltr'>eam</span> <span class='ocrx_word' id='word_1_25' title='bbox 1528 648 1759 735; x_wconf 82' lang='lat' dir='ltr'><strong>subscriptam,</strong></span> <span class='ocrx_word' id='word_1_26' title='bbox 1791 656 1826 713; x_wconf 95' lang='lat' dir='ltr'>ut</span> <span class='ocrx_word' id='word_1_27' title='bbox 1849 648 1932 723; x_wconf 86' lang='lat' dir='ltr'>dixi,</span> <span class='ocrx_word' id='word_1_28' title='bbox 1965 654 2072 714; x_wconf 91' lang='lat' dir='ltr'>trans-</span> 
     </span>
     <span class='ocr_line' id='line_1_4' title="bbox 425 752 2073 840; baseline 0.001 -25"><span class='ocrx_word' id='word_1_29' title='bbox 425 752 555 817; x_wconf 82' lang='lat' dir='ltr'>mittere</span> <span class='ocrx_word' id='word_1_30' title='bbox 588 754 747 830; x_wconf 90' lang='lat' dir='ltr'>nolueris,</span> <span class='ocrx_word' id='word_1_31' title='bbox 780 760 892 839; x_wconf 88' lang='lat' dir='ltr'>aperte</span> <span class='ocrx_word' id='word_1_32' title='bbox 924 753 1031 817; x_wconf 91' lang='lat' dir='ltr'>adhuc</span> <span class='ocrx_word' id='word_1_33' title='bbox 1060 760 1091 817; x_wconf 89' lang='lat' dir='ltr'>te</span> <span class='ocrx_word' id='word_1_34' title='bbox 1123 753 1155 816; x_wconf 87' lang='lat' dir='ltr'>in</span> <span class='ocrx_word' id='word_1_35' title='bbox 1187 774 1296 818; x_wconf 88' lang='lat' dir='ltr'>errore</span> <span class='ocrx_word' id='word_1_36' title='bbox 1324 754 1501 838; x_wconf 89' lang='lat' dir='ltr'>persistere</span> <span class='ocrx_word' id='word_1_37' title='bbox 1530 752 1598 838; x_wconf 90' lang='lat' dir='ltr'>ipso</span> <span class='ocrx_word' id='word_1_38' title='bbox 1628 753 1758 818; x_wconf 92' lang='lat' dir='ltr'>silentio</span> <span class='ocrx_word' id='word_1_39' title='bbox 1786 753 2011 840; x_wconf 82' lang='lat' dir='ltr'>comprobabis</span> <span class='ocrx_word' id='word_1_40' title='bbox 2034 775 2073 816; x_wconf 90' lang='grc'>00</span> 
     </span>
     <span class='ocr_line' id='line_1_5' title="bbox 426 856 2072 944; baseline 0 -24"><span class='ocrx_word' id='word_1_41' title='bbox 426 856 563 942; x_wconf 80' lang='lat' dir='ltr'>proinde</span> <span class='ocrx_word' id='word_1_42' title='bbox 593 857 658 922; x_wconf 90' lang='lat' dir='ltr'>iam</span> <span class='ocrx_word' id='word_1_43' title='bbox 688 859 921 924; x_wconf 89' lang='lat' dir='ltr'>necessitatem</span> <span class='ocrx_word' id='word_1_44' title='bbox 951 858 1032 922; x_wconf 91' lang='lat' dir='ltr'>mihi</span> <span class='ocrx_word' id='word_1_45' title='bbox 1062 857 1164 922; x_wconf 81' lang='lat' dir='ltr'>facies</span> <span class='ocrx_word' id='word_1_46' title='bbox 1193 857 1235 921; x_wconf 90' lang='lat' dir='ltr'>ad</span> <span class='ocrx_word' id='word_1_47' title='bbox 1263 878 1437 944; x_wconf 79' lang='lat' dir='ltr'>personam</span> <span class='ocrx_word' id='word_1_48' title='bbox 1471 863 1560 920; x_wconf 88' lang='lat' dir='ltr'>tuam</span> <span class='ocrx_word' id='word_1_49' title='bbox 1594 856 1732 942; x_wconf 88' lang='lat' dir='ltr'>publicis</span> <span class='ocrx_word' id='word_1_50' title='bbox 1766 856 1978 922; x_wconf 85' lang='lat' dir='ltr'>conventibus</span> <span class='ocrx_word' id='word_1_51' title='bbox 2013 878 2072 920; x_wconf 85' lang='lat' dir='ltr'>ex·</span> 
     </span>
     <span class='ocr_line' id='line_1_6' title="bbox 377 960 2127 1047; baseline 0.001 -23"><span class='ocrx_word' id='word_1_52' title='bbox 377 960 619 1047; x_wconf 76' lang='lat' dir='ltr'>reponendam.</span> <span class='ocrx_word' id='word_1_53' title='bbox 664 968 697 1026; x_wconf 91' lang='lat' dir='ltr'>et</span> <span class='ocrx_word' id='word_1_54' title='bbox 718 961 791 1026; x_wconf 90' lang='lat' dir='ltr'>ideo</span> <span class='ocrx_word' id='word_1_55' title='bbox 814 961 991 1026; x_wconf 90' lang='lat' dir='ltr'>secuudum</span> <span class='ocrx_word' id='word_1_56' title='bbox 1014 962 1096 1028; x_wconf 91' lang='lat' dir='ltr'>haec</span> <span class='ocrx_word' id='word_1_57' title='bbox 1119 981 1204 1047; x_wconf 91' lang='lat' dir='ltr'>quae</span> <span class='ocrx_word' id='word_1_58' title='bbox 1228 983 1248 1026; x_wconf 89' lang='lat' dir='ltr'>a</span> <span class='ocrx_word' id='word_1_59' title='bbox 1270 983 1322 1026; x_wconf 87' lang='lat' dir='ltr'>ms</span> <span class='ocrx_word' id='word_1_60' title='bbox 1350 968 1426 1026; x_wconf 89' lang='lat' dir='ltr'>sunt</span> <span class='ocrx_word' id='word_1_61' title='bbox 1454 960 1578 1025; x_wconf 87' lang='lat' dir='ltr'>directa</span> <span class='ocrx_word' id='word_1_62' title='bbox 1608 961 1766 1040; x_wconf 89' lang='lat' dir='ltr'>rescribe,</span> <span class='ocrx_word' id='word_1_63' title='bbox 1797 967 1834 1024; x_wconf 94' lang='lat' dir='ltr'>ut</span> <span class='ocrx_word' id='word_1_64' title='bbox 1857 981 1911 1036; x_wconf 81' lang='lat' dir='ltr'>ea,</span> <span class='ocrx_word' id='word_1_65' title='bbox 1942 961 2074 1026; x_wconf 90' lang='lat' dir='ltr'>remotis</span> <span class='ocrx_word' id='word_1_66' title='bbox 2115 975 2127 1012; x_wconf 79' lang='lat'>⁵</span> 
     </span>
     <span class='ocr_line' id='line_1_7' title="bbox 426 1065 1880 1152; baseline 0.001 -24"><span class='ocrx_word' id='word_1_67' title='bbox 426 1065 679 1145; x_wconf 82' lang='lat' dir='ltr'>circuitionibus,</span> <span class='ocrx_word' id='word_1_68' title='bbox 703 1071 759 1130; x_wconf 91' lang='lat' dir='ltr'>aut</span> <span class='ocrx_word' id='word_1_69' title='bbox 781 1086 942 1150; x_wconf 79' lang='lat' dir='ltr'>agnoscas</span> <span class='ocrx_word' id='word_1_70' title='bbox 967 1070 1023 1130; x_wconf 91' lang='lat' dir='ltr'>aut</span> <span class='ocrx_word' id='word_1_71' title='bbox 1045 1086 1192 1152; x_wconf 86' lang='lat' dir='ltr'>respuas.</span> <span class='ocrx_word' id='word_1_72' title='bbox 1874 1135 1880 1146; x_wconf 55' lang='grc'>,</span> 
     </span>
     <span class='ocr_line' id='line_1_8' title="bbox 375 1167 1955 1258; baseline -0.001 -24"><span class='ocrx_word' id='word_1_73' title='bbox 375 1171 416 1234; x_wconf 77' lang='grc'>10</span> <span class='ocrx_word' id='word_1_74' title='bbox 528 1167 632 1235; x_wconf 87' lang='lat' dir='ltr'>Item</span> <span class='ocrx_word' id='word_1_75' title='bbox 656 1169 738 1234; x_wconf 89' lang='lat' dir='ltr'>alia</span> <span class='ocrx_word' id='word_1_76' title='bbox 760 1189 893 1236; x_wconf 89' lang='lat' dir='ltr'>mauu:</span> <span class='ocrx_word' id='word_1_77' title='bbox 929 1168 1070 1236; x_wconf 85' lang='lat' dir='ltr'>Faustus</span> <span class='ocrx_word' id='word_1_78' title='bbox 1094 1169 1264 1258; x_wconf 82' lang='lat' dir='ltr'>exemplar</span> <span class='ocrx_word' id='word_1_79' title='bbox 1286 1168 1445 1258; x_wconf 87' lang='lat' dir='ltr'>epistulae</span> <span class='ocrx_word' id='word_1_80' title='bbox 1470 1189 1563 1236; x_wconf 89' lang='lat' dir='ltr'>meae</span> <span class='ocrx_word' id='word_1_81' title='bbox 1588 1168 1690 1258; x_wconf 82' lang='lat' dir='ltr'>relegi</span> <span class='ocrx_word' id='word_1_82' title='bbox 1714 1175 1747 1232; x_wconf 91' lang='lat' dir='ltr'>et</span> <span class='ocrx_word' id='word_1_83' title='bbox 1769 1168 1955 1257; x_wconf 89' lang='lat' dir='ltr'>subscripsi.</span> 
     </span>
    </p>
   </div>
   <div class='ocr_carea' id='block_1_3' title="bbox 1201 1465 1294 1534">
    <p class='ocr_par' dir='ltr' id='par_1_3' title="bbox 1201 1465 1294 1534">
     <span class='ocr_line' id='line_1_9' title="bbox 1201 1465 1294 1534; baseline 0.043 -4"><span class='ocrx_word' id='word_1_84' title='bbox 1201 1465 1294 1534; x_wconf 81' lang='lat' dir='ltr'>XIX.</span> 
     </span>
    </p>
   </div>
   <div class='ocr_carea' id='block_1_4' title="bbox 427 1618 2146 2308">
    <p class='ocr_par' dir='ltr' id='par_1_4' title="bbox 427 1618 2146 2116">
     <span class='ocr_line' id='line_1_10' title="bbox 476 1618 2021 1687; baseline 0.001 -2"><span class='ocrx_word' id='word_1_85' title='bbox 476 1620 667 1686; x_wconf 84' lang='grc'>0000000</span> <span class='ocrx_word' id='word_1_86' title='bbox 688 1618 973 1686; x_wconf 78' lang='lat' dir='ltr'>suauissima</span> <span class='ocrx_word' id='word_1_87' title='bbox 995 1620 1052 1684; x_wconf 87' lang='lat' dir='ltr'>sr</span> <span class='ocrx_word' id='word_1_88' title='bbox 1073 1621 1121 1685; x_wconf 82' lang='lat' dir='ltr'>rs</span> <span class='ocrx_word' id='word_1_89' title='bbox 1143 1619 1339 1686; x_wconf 83' lang='lat' dir='ltr'>cuarsro</span> <span class='ocrx_word' id='word_1_90' title='bbox 1361 1620 1773 1687; x_wconf 84' lang='lat' dir='ltr'>ssvsassrrssrurs</span> <span class='ocrx_word' id='word_1_91' title='bbox 1798 1619 2021 1686; x_wconf 83' lang='grc'>00000000</span> 
     </span>
     <span class='ocr_line' id='line_1_11' title="bbox 428 1719 2146 1806; baseline -0.001 -16"><span class='ocrx_word' id='word_1_92' title='bbox 428 1725 671 1806; x_wconf 85' lang='lat' dir='ltr'>susaomo,</span> <span class='ocrx_word' id='word_1_93' title='bbox 685 1723 894 1804; x_wconf 83' lang='grc'>0000000,</span> <span class='ocrx_word' id='word_1_94' title='bbox 910 1724 1117 1806; x_wconf 79' lang='lat' dir='ltr'>socrum,</span> <span class='ocrx_word' id='word_1_95' title='bbox 1130 1723 1360 1806; x_wconf 78' lang='lat' dir='ltr'>vrvssrm,</span> <span class='ocrx_word' id='word_1_96' title='bbox 1375 1723 1608 1804; x_wconf 77' lang='lat' dir='ltr'>usnemu,</span> <span class='ocrx_word' id='word_1_97' title='bbox 1623 1723 2072 1802; x_wconf 78' lang='lat' dir='ltr'>rnrrsur1,vsamso.</span> <span class='ocrx_word' id='word_1_98' title='bbox 2103 1719 2146 1777; x_wconf 81' lang='lat'>10·</span> 
     </span>
     <span class='ocr_line' id='line_1_12' title="bbox 428 1826 2072 1910; baseline -0.001 -16"><span class='ocrx_word' id='word_1_99' title='bbox 428 1826 645 1910; x_wconf 78' lang='grc'>0000000,</span> <span class='ocrx_word' id='word_1_100' title='bbox 675 1827 862 1910; x_wconf 75' lang='lat' dir='ltr'>causac,</span> <span class='ocrx_word' id='word_1_101' title='bbox 894 1828 1056 1910; x_wconf 83' lang='grc'>00000,</span> <span class='ocrx_word' id='word_1_102' title='bbox 1086 1827 1336 1906; x_wconf 84' lang='grc'>00000000,</span> <span class='ocrx_word' id='word_1_103' title='bbox 1367 1828 1559 1910; x_wconf 74' lang='lat' dir='ltr'>canace,</span> <span class='ocrx_word' id='word_1_104' title='bbox 1593 1829 1832 1908; x_wconf 84' lang='grc'>00000000,</span> <span class='ocrx_word' id='word_1_105' title='bbox 1864 1828 2072 1906; x_wconf 83' lang='grc'>0000000,</span> 
     </span>
     <span class='ocr_line' id='line_1_13' title="bbox 428 1931 2072 2012; baseline -0.001 -14"><span class='ocrx_word' id='word_1_106' title='bbox 428 1931 639 2010; x_wconf 77' lang='lat' dir='ltr'>ccccmo,</span> <span class='ocrx_word' id='word_1_107' title='bbox 684 1931 940 2009; x_wconf 81' lang='grc'>00000000,</span> <span class='ocrx_word' id='word_1_108' title='bbox 982 1931 1141 2008; x_wconf 81' lang='grc'>00000,</span> <span class='ocrx_word' id='word_1_109' title='bbox 1182 1932 1375 2012; x_wconf 75' lang='lat' dir='ltr'>ausimo,</span> <span class='ocrx_word' id='word_1_110' title='bbox 1420 1932 1631 2002; x_wconf 82' lang='grc'>0000000,</span> <span class='ocrx_word' id='word_1_111' title='bbox 1669 1932 1894 2010; x_wconf 77' lang='lat' dir='ltr'>sacrasse,</span> <span class='ocrx_word' id='word_1_112' title='bbox 1939 1933 2072 1997; x_wconf 85' lang='grc'>0000-</span> 
     </span>
     <span class='ocr_line' id='line_1_14' title="bbox 427 2033 2073 2116; baseline 0.001 -15"><span class='ocrx_word' id='word_1_113' title='bbox 427 2035 649 2108; x_wconf 80' lang='grc'>0000000,</span> <span class='ocrx_word' id='word_1_114' title='bbox 685 2033 962 2114; x_wconf 80' lang='grc'>0000000000,</span> <span class='ocrx_word' id='word_1_115' title='bbox 994 2036 1303 2115; x_wconf 77' lang='lat' dir='ltr'>rancessere,</span> <span class='ocrx_word' id='word_1_116' title='bbox 1340 2035 1581 2115; x_wconf 82' lang='grc'>00000000,</span> <span class='ocrx_word' id='word_1_117' title='bbox 1609 2036 1838 2115; x_wconf 81' lang='grc'>0000000000,</span> <span class='ocrx_word' id='word_1_118' title='bbox 1872 2037 2073 2116; x_wconf 83' lang='grc'>0000000,</span> 
     </span>
    </p>

    <p class='ocr_par' dir='ltr' id='par_1_5' title="bbox 660 2137 2126 2308">
     <span class='ocr_line' id='line_1_15' title="bbox 660 2137 1844 2222; baseline 0.001 -19"><span class='ocrx_word' id='word_1_119' title='bbox 660 2137 862 2218; x_wconf 75' lang='lat' dir='ltr'>cursam,</span> <span class='ocrx_word' id='word_1_120' title='bbox 892 2139 1064 2222; x_wconf 82' lang='grc'>000000,</span> <span class='ocrx_word' id='word_1_121' title='bbox 1095 2139 1297 2205; x_wconf 81' lang='grc'>00000000</span> <span class='ocrx_word' id='word_1_122' title='bbox 1325 2139 1382 2203; x_wconf 83' lang='lat' dir='ltr'>ss</span> <span class='ocrx_word' id='word_1_123' title='bbox 1410 2139 1584 2205; x_wconf 82' lang='grc'>000000</span> <span class='ocrx_word' id='word_1_124' title='bbox 1615 2139 1844 2206; x_wconf 76' lang='lat' dir='ltr'>episcopis</span> 
     </span>
     <span class='ocr_line' id='line_1_16' title="bbox 999 2241 2126 2308; baseline 0 0"><span class='ocrx_word' id='word_1_125' title='bbox 999 2243 1195 2308; x_wconf 83' lang='grc'>0000000</span> <span class='ocrx_word' id='word_1_126' title='bbox 1225 2241 1502 2308; x_wconf 73' lang='lat' dir='ltr'>caussasse.</span> <span class='ocrx_word' id='word_1_127' title='bbox 2103 2258 2126 2296; x_wconf 73' lang='lat' dir='ltr'>o</span> 
     </span>
    </p>
   </div>
   <div class='ocr_carea' id='block_1_5' title="bbox 395 2356 2129 3725">
    <p class='ocr_par' dir='ltr' id='par_1_6' title="bbox 400 2356 2073 2665">
     <span class='ocr_line' id='line_1_17' title="bbox 400 2356 2072 2477; baseline 0.001 -25"><span class='ocrx_word' id='word_1_128' title='bbox 400 2386 410 2444; x_wconf 84' lang='grc'>1</span> <span class='ocrx_word' id='word_1_129' title='bbox 534 2356 728 2456; x_wconf 74' lang='lat' dir='ltr'>Consuesse</span> <span class='ocrx_word' id='word_1_130' title='bbox 752 2397 862 2456; x_wconf 89' lang='grc'>000000</span> <span class='ocrx_word' id='word_1_131' title='bbox 885 2392 973 2456; x_wconf 88' lang='grc'>00100</span> <span class='ocrx_word' id='word_1_132' title='bbox 997 2392 1129 2477; x_wconf 89' lang='lat' dir='ltr'>publica</span> <span class='ocrx_word' id='word_1_133' title='bbox 1152 2399 1185 2456; x_wconf 90' lang='lat' dir='ltr'>et</span> <span class='ocrx_word' id='word_1_134' title='bbox 1208 2392 1503 2457; x_wconf 85' lang='grc'>000000010000000</span> <span class='ocrx_word' id='word_1_135' title='bbox 1528 2392 1690 2456; x_wconf 89' lang='lat' dir='ltr'>medicina</span> <span class='ocrx_word' id='word_1_136' title='bbox 1719 2397 1780 2456; x_wconf 90' lang='lat' dir='ltr'>cst.</span> <span class='ocrx_word' id='word_1_137' title='bbox 1830 2392 1916 2455; x_wconf 90' lang='lat' dir='ltr'>unde</span> <span class='ocrx_word' id='word_1_138' title='bbox 1947 2397 1980 2456; x_wconf 93' lang='lat' dir='ltr'>ct</span> <span class='ocrx_word' id='word_1_139' title='bbox 2011 2412 2072 2476; x_wconf 83' lang='lat' dir='ltr'>ego</span> 
     </span>
     <span class='ocr_line' id='line_1_18' title="bbox 427 2493 2073 2583; baseline 0.001 -27"><span class='ocrx_word' id='word_1_140' title='bbox 427 2515 587 2558; x_wconf 91' lang='lat' dir='ltr'>summum</span> <span class='ocrx_word' id='word_1_141' title='bbox 611 2493 792 2559; x_wconf 91' lang='lat' dir='ltr'>remedium</span> <span class='ocrx_word' id='word_1_142' title='bbox 817 2494 909 2576; x_wconf 90' lang='lat' dir='ltr'>duco,</span> <span class='ocrx_word' id='word_1_143' title='bbox 934 2505 970 2560; x_wconf 92' lang='lat' dir='ltr'>ut</span> <span class='ocrx_word' id='word_1_144' title='bbox 993 2496 1189 2583; x_wconf 90' lang='lat' dir='ltr'>praeteritos</span> <span class='ocrx_word' id='word_1_145' title='bbox 1214 2519 1340 2561; x_wconf 91' lang='lat' dir='ltr'>errores</span> <span class='ocrx_word' id='word_1_146' title='bbox 1365 2495 1548 2560; x_wconf 88' lang='lat' dir='ltr'>accusando</span> <span class='ocrx_word' id='word_1_147' title='bbox 1573 2519 1727 2562; x_wconf 88' lang='lat' dir='ltr'>excusem</span> <span class='ocrx_word' id='word_1_148' title='bbox 1752 2501 1785 2560; x_wconf 91' lang='grc'>00</span> <span class='ocrx_word' id='word_1_149' title='bbox 1808 2495 1978 2562; x_wconf 85' lang='grc'>0010011000</span> <span class='ocrx_word' id='word_1_150' title='bbox 1998 2517 2073 2581; x_wconf 91' lang='lat' dir='ltr'>pro-</span> 
     </span>
     <span class='ocr_line' id='line_1_19' title="bbox 428 2598 803 2665; baseline 0.008 -4"><span class='ocrx_word' id='word_1_151' title='bbox 428 2598 571 2662; x_wconf 83' lang='lat' dir='ltr'>fessione</span> <span class='ocrx_word' id='word_1_152' title='bbox 595 2620 647 2662; x_wconf 92' lang='lat' dir='ltr'>me</span> <span class='ocrx_word' id='word_1_153' title='bbox 671 2599 803 2665; x_wconf 88' lang='lat' dir='ltr'>diluam.</span> 
     </span>
    </p>

    <p class='ocr_par' dir='ltr' id='par_1_7' title="bbox 396 2701 2129 2893">
     <span class='ocr_line' id='line_1_20' title="bbox 396 2701 2074 2790; baseline 0 -26"><span class='ocrx_word' id='word_1_154' title='bbox 396 2703 416 2764; x_wconf 79' lang='grc'>2</span> <span class='ocrx_word' id='word_1_155' title='bbox 527 2701 668 2766; x_wconf 91' lang='lat' dir='ltr'>Proinde</span> <span class='ocrx_word' id='word_1_156' title='bbox 704 2703 797 2767; x_wconf 87' lang='lat' dir='ltr'>iuxta</span> <span class='ocrx_word' id='word_1_157' title='bbox 836 2702 1047 2790; x_wconf 87' lang='lat' dir='ltr'>praedicandi</span> <span class='ocrx_word' id='word_1_158' title='bbox 1085 2705 1229 2769; x_wconf 88' lang='lat' dir='ltr'>recentia</span> <span class='ocrx_word' id='word_1_159' title='bbox 1265 2709 1388 2769; x_wconf 89' lang='lat' dir='ltr'>statuta</span> <span class='ocrx_word' id='word_1_160' title='bbox 1422 2703 1549 2768; x_wconf 89' lang='lat' dir='ltr'>concilii</span> <span class='ocrx_word' id='word_1_161' title='bbox 1582 2703 1700 2768; x_wconf 91' lang='lat' dir='ltr'>damno</span> <span class='ocrx_word' id='word_1_162' title='bbox 1740 2705 1908 2768; x_wconf 88' lang='lat' dir='ltr'>vobiscum</span> <span class='ocrx_word' id='word_1_163' title='bbox 1943 2722 2074 2766; x_wconf 91' lang='lat' dir='ltr'>sensum</span> 
     </span>
     <span class='ocr_line' id='line_1_21' title="bbox 426 2805 2129 2893; baseline -0.001 -24"><span class='ocrx_word' id='word_1_164' title='bbox 426 2805 517 2870; x_wconf 93' lang='lat' dir='ltr'>illum</span> <span class='ocrx_word' id='word_1_165' title='bbox 541 2807 594 2890; x_wconf 94' lang='lat' dir='ltr'>qui</span> <span class='ocrx_word' id='word_1_166' title='bbox 617 2805 705 2888; x_wconf 93' lang='lat' dir='ltr'>dicit,</span> <span class='ocrx_word' id='word_1_167' title='bbox 729 2807 874 2872; x_wconf 89' lang='lat' dir='ltr'>laborem</span> <span class='ocrx_word' id='word_1_168' title='bbox 899 2807 1061 2872; x_wconf 90' lang='lat' dir='ltr'>humanae</span> <span class='ocrx_word' id='word_1_169' title='bbox 1085 2807 1312 2872; x_wconf 90' lang='lat' dir='ltr'>oboedientiae</span> <span class='ocrx_word' id='word_1_170' title='bbox 1335 2808 1465 2872; x_wconf 84' lang='lat' dir='ltr'>divinae</span> <span class='ocrx_word' id='word_1_171' title='bbox 1488 2809 1613 2893; x_wconf 85' lang='lat' dir='ltr'>gratiae</span> <span class='ocrx_word' id='word_1_172' title='bbox 1638 2828 1702 2872; x_wconf 89' lang='lat' dir='ltr'>non</span> <span class='ocrx_word' id='word_1_173' title='bbox 1726 2829 1800 2871; x_wconf 89' lang='lat' dir='ltr'>esse</span> <span class='ocrx_word' id='word_1_174' title='bbox 1824 2806 2031 2892; x_wconf 87' lang='lat' dir='ltr'>iungendum.</span> <span class='ocrx_word' id='word_1_175' title='bbox 2103 2819 2129 2858; x_wconf 78' lang='lat'>²⁰</span> 
     </span>
    </p>

    <p class='ocr_par' dir='ltr' id='par_1_8' title="bbox 397 2908 2006 2998">
     <span class='ocr_line' id='line_1_22' title="bbox 397 2908 2006 2998; baseline 0 -25"><span class='ocrx_word' id='word_1_176' title='bbox 397 2910 416 2973; x_wconf 85' lang='lat'>3</span> <span class='ocrx_word' id='word_1_177' title='bbox 531 2908 593 2982; x_wconf 83' lang='lat' dir='ltr'>Qui</span> <span class='ocrx_word' id='word_1_178' title='bbox 617 2910 695 2974; x_wconf 93' lang='lat' dir='ltr'>dicit</span> <span class='ocrx_word' id='word_1_179' title='bbox 718 2917 791 2996; x_wconf 92' lang='lat' dir='ltr'>post</span> <span class='ocrx_word' id='word_1_180' title='bbox 814 2911 909 2996; x_wconf 92' lang='lat' dir='ltr'>primi</span> <span class='ocrx_word' id='word_1_181' title='bbox 932 2910 1072 2975; x_wconf 89' lang='lat' dir='ltr'>hominis</span> <span class='ocrx_word' id='word_1_182' title='bbox 1096 2912 1224 2998; x_wconf 91' lang='lat' dir='ltr'>lapsum</span> <span class='ocrx_word' id='word_1_183' title='bbox 1249 2933 1291 2976; x_wconf 89' lang='lat' dir='ltr'>ex</span> <span class='ocrx_word' id='word_1_184' title='bbox 1315 2919 1381 2976; x_wconf 90' lang='lat' dir='ltr'>toto</span> <span class='ocrx_word' id='word_1_185' title='bbox 1405 2912 1575 2976; x_wconf 86' lang='lat' dir='ltr'>arbitrium</span> <span class='ocrx_word' id='word_1_186' title='bbox 1598 2909 1775 2976; x_wconf 90' lang='lat' dir='ltr'>voluntatis</span> <span class='ocrx_word' id='word_1_187' title='bbox 1800 2911 2006 2974; x_wconf 87' lang='lat' dir='ltr'>exstinctum.</span> 
     </span>
    </p>

    <p class='ocr_par' dir='ltr' id='par_1_9' title="bbox 396 3012 2074 3204">
     <span class='ocr_line' id='line_1_23' title="bbox 396 3012 2074 3101; baseline 0.001 -27"><span class='ocrx_word' id='word_1_188' title='bbox 396 3016 415 3074; x_wconf 89' lang='grc'>4</span> <span class='ocrx_word' id='word_1_189' title='bbox 530 3012 594 3087; x_wconf 82' lang='lat' dir='ltr'>Qui</span> <span class='ocrx_word' id='word_1_190' title='bbox 621 3013 714 3094; x_wconf 92' lang='lat' dir='ltr'>dicit,</span> <span class='ocrx_word' id='word_1_191' title='bbox 747 3014 831 3100; x_wconf 91' lang='lat' dir='ltr'>quod</span> <span class='ocrx_word' id='word_1_192' title='bbox 853 3013 1003 3080; x_wconf 78' lang='lat' dir='ltr'>Christus</span> <span class='ocrx_word' id='word_1_193' title='bbox 1034 3014 1182 3080; x_wconf 91' lang='lat' dir='ltr'>dominus</span> <span class='ocrx_word' id='word_1_194' title='bbox 1214 3021 1247 3080; x_wconf 92' lang='lat' dir='ltr'>et</span> <span class='ocrx_word' id='word_1_195' title='bbox 1277 3015 1420 3080; x_wconf 84' lang='lat' dir='ltr'>salvator</span> <span class='ocrx_word' id='word_1_196' title='bbox 1449 3022 1561 3080; x_wconf 89' lang='lat' dir='ltr'>noster</span> <span class='ocrx_word' id='word_1_197' title='bbox 1588 3021 1726 3079; x_wconf 91' lang='lat' dir='ltr'>mortem</span> <span class='ocrx_word' id='word_1_198' title='bbox 1754 3036 1818 3078; x_wconf 90' lang='lat' dir='ltr'>non</span> <span class='ocrx_word' id='word_1_199' title='bbox 1846 3035 1904 3101; x_wconf 88' lang='lat' dir='ltr'>pro</span> <span class='ocrx_word' id='word_1_200' title='bbox 1932 3012 2074 3078; x_wconf 89' lang='lat' dir='ltr'>omnium</span> 
     </span>
     <span class='ocr_line' id='line_1_24' title="bbox 425 3117 743 3204; baseline 0.006 -24"><span class='ocrx_word' id='word_1_201' title='bbox 425 3117 530 3181; x_wconf 91' lang='lat' dir='ltr'>salute</span> <span class='ocrx_word' id='word_1_202' title='bbox 555 3119 743 3204; x_wconf 89' lang='lat' dir='ltr'>susceperit.</span> 
     </span>
    </p>

    <p class='ocr_par' dir='ltr' id='par_1_10' title="bbox 397 3218 2128 3412">
     <span class='ocr_line' id='line_1_25' title="bbox 397 3218 2076 3310; baseline 0.001 -28"><span class='ocrx_word' id='word_1_203' title='bbox 397 3223 416 3282; x_wconf 87' lang='lat'><strong>5</strong></span> <span class='ocrx_word' id='word_1_204' title='bbox 531 3218 595 3293; x_wconf 83' lang='lat' dir='ltr'>Qui</span> <span class='ocrx_word' id='word_1_205' title='bbox 618 3221 706 3302; x_wconf 88' lang='lat' dir='ltr'>dicit,</span> <span class='ocrx_word' id='word_1_206' title='bbox 730 3220 816 3306; x_wconf 90' lang='lat' dir='ltr'>quod</span> <span class='ocrx_word' id='word_1_207' title='bbox 839 3222 1057 3306; x_wconf 88' lang='lat' dir='ltr'>praescientia</span> <span class='ocrx_word' id='word_1_208' title='bbox 1081 3222 1132 3286; x_wconf 93' lang='lat' dir='ltr'>dci</span> <span class='ocrx_word' id='word_1_209' title='bbox 1157 3222 1321 3287; x_wconf 91' lang='lat' dir='ltr'>hominem</span> <span class='ocrx_word' id='word_1_210' title='bbox 1339 3224 1500 3287; x_wconf 86' lang='lat' dir='ltr'>violenter</span> <span class='ocrx_word' id='word_1_211' title='bbox 1515 3222 1689 3310; x_wconf 90' lang='lat' dir='ltr'>compellat</span> <span class='ocrx_word' id='word_1_212' title='bbox 1712 3222 1751 3286; x_wconf 93' lang='lat' dir='ltr'>ad</span> <span class='ocrx_word' id='word_1_213' title='bbox 1768 3228 1904 3286; x_wconf 93' lang='lat' dir='ltr'>mortem</span> <span class='ocrx_word' id='word_1_214' title='bbox 1923 3221 1973 3284; x_wconf 86' lang='lat' dir='ltr'>vel</span> <span class='ocrx_word' id='word_1_215' title='bbox 1990 3219 2076 3306; x_wconf 91' lang='lat' dir='ltr'>quod</span> 
     </span>
     <span class='ocr_line' id='line_1_26' title="bbox 426 3307 2128 3412; baseline 0.001 -25"><span class='ocrx_word' id='word_1_216' title='bbox 426 3323 478 3389; x_wconf 93' lang='lat' dir='ltr'>dei</span> <span class='ocrx_word' id='word_1_217' title='bbox 501 3332 638 3410; x_wconf 89' lang='lat' dir='ltr'>pereant</span> <span class='ocrx_word' id='word_1_218' title='bbox 661 3326 828 3389; x_wconf 86' lang='lat' dir='ltr'>voluntate</span> <span class='ocrx_word' id='word_1_219' title='bbox 852 3325 906 3410; x_wconf 93' lang='lat' dir='ltr'>qui</span> <span class='ocrx_word' id='word_1_220' title='bbox 931 3332 1080 3412; x_wconf 88' lang='lat' dir='ltr'>pereunt.</span> <span class='ocrx_word' id='word_1_221' title='bbox 1523 3307 1527 3318; x_wconf 44' lang='lat'>¹</span> <span class='ocrx_word' id='word_1_222' title='bbox 2103 3337 2128 3376; x_wconf 75' lang='lat'>²⁵</span> 
     </span>
    </p>

    <p class='ocr_par' dir='ltr' id='par_1_11' title="bbox 395 3426 2074 3618">
     <span class='ocr_line' id='line_1_27' title="bbox 395 3426 2074 3517; baseline -0.001 -25"><span class='ocrx_word' id='word_1_223' title='bbox 395 3431 414 3492; x_wconf 90' lang='lat'><strong>6</strong></span> <span class='ocrx_word' id='word_1_224' title='bbox 528 3426 592 3501; x_wconf 82' lang='lat' dir='ltr'>Qui</span> <span class='ocrx_word' id='word_1_225' title='bbox 626 3427 721 3510; x_wconf 85' lang='lat' dir='ltr'>dicit,</span> <span class='ocrx_word' id='word_1_226' title='bbox 762 3429 847 3515; x_wconf 92' lang='lat' dir='ltr'>quod</span> <span class='ocrx_word' id='word_1_227' title='bbox 883 3438 958 3516; x_wconf 89' lang='lat' dir='ltr'>post</span> <span class='ocrx_word' id='word_1_228' title='bbox 994 3437 1164 3516; x_wconf 91' lang='lat' dir='ltr'>acceptum</span> <span class='ocrx_word' id='word_1_229' title='bbox 1200 3432 1344 3516; x_wconf 84' lang='lat' dir='ltr'>legitime</span> <span class='ocrx_word' id='word_1_230' title='bbox 1378 3430 1575 3517; x_wconf 89' lang='lat' dir='ltr'>baptismum</span> <span class='ocrx_word' id='word_1_231' title='bbox 1609 3431 1641 3494; x_wconf 92' lang='lat' dir='ltr'>in</span> <span class='ocrx_word' id='word_1_232' title='bbox 1672 3429 1778 3493; x_wconf 82' lang='lat' dir='ltr'>Adam</span> <span class='ocrx_word' id='word_1_233' title='bbox 1812 3429 1969 3493; x_wconf 91' lang='lat' dir='ltr'>moriatur</span> <span class='ocrx_word' id='word_1_234' title='bbox 2003 3427 2074 3513; x_wconf 92' lang='lat' dir='ltr'>qui-</span> 
     </span>
     <span class='ocr_line' id='line_1_28' title="bbox 426 3532 772 3618; baseline 0.006 -23"><span class='ocrx_word' id='word_1_235' title='bbox 426 3552 564 3616; x_wconf 90' lang='lat' dir='ltr'>cumque</span> <span class='ocrx_word' id='word_1_236' title='bbox 588 3532 772 3618; x_wconf 87' lang='lat' dir='ltr'>deliquerit.</span> 
     </span>
    </p>

    <p class='ocr_par' dir='ltr' id='par_1_12' title="bbox 396 3635 1821 3725">
     <span class='ocr_line' id='line_1_29' title="bbox 396 3635 1821 3725; baseline 0.001 -27"><span class='ocrx_word' id='word_1_237' title='bbox 396 3639 413 3698; x_wconf 81' lang='lat' dir='ltr'>&#39;l</span> <span class='ocrx_word' id='word_1_238' title='bbox 529 3635 591 3710; x_wconf 83' lang='lat' dir='ltr'>Qui</span> <span class='ocrx_word' id='word_1_239' title='bbox 615 3635 694 3701; x_wconf 91' lang='lat' dir='ltr'>dicit</span> <span class='ocrx_word' id='word_1_240' title='bbox 717 3639 798 3702; x_wconf 91' lang='lat' dir='ltr'>alios</span> <span class='ocrx_word' id='word_1_241' title='bbox 822 3637 995 3725; x_wconf 89' lang='lat' dir='ltr'>deputatos</span> <span class='ocrx_word' id='word_1_242' title='bbox 1019 3635 1059 3701; x_wconf 92' lang='lat' dir='ltr'>ad</span> <span class='ocrx_word' id='word_1_243' title='bbox 1084 3643 1232 3719; x_wconf 91' lang='lat' dir='ltr'>mortem,</span> <span class='ocrx_word' id='word_1_244' title='bbox 1256 3638 1338 3702; x_wconf 92' lang='lat' dir='ltr'>alios</span> <span class='ocrx_word' id='word_1_245' title='bbox 1361 3639 1402 3702; x_wconf 91' lang='lat' dir='ltr'>ad</span> <span class='ocrx_word' id='word_1_246' title='bbox 1426 3639 1526 3703; x_wconf 89' lang='lat' dir='ltr'>vitam</span> <span class='ocrx_word' id='word_1_247' title='bbox 1549 3636 1821 3725; x_wconf 89' lang='lat' dir='ltr'>praedestinatos.</span> 
     </span>
    </p>
   </div>
   <div class='ocr_carea' id='block_1_6' title="bbox 422 3875 2084 5750">
    <p class='ocr_par' dir='ltr' id='par_1_13' title="bbox 422 3875 2084 5750">
     <span class='ocr_line' id='line_1_30' title="bbox 529 3875 2075 3950; baseline 0 -20"><span class='ocrx_word' id='word_1_248' title='bbox 529 3875 718 3946; x_wconf 83' lang='lat' dir='ltr'>lsuscriptaG</span> <span class='ocrx_word' id='word_1_249' title='bbox 804 3877 953 3932; x_wconf 72' lang='grc'>2010000</span> <span class='ocrx_word' id='word_1_250' title='bbox 1001 3882 1172 3934; x_wconf 85' lang='lat' dir='ltr'>remittereH</span> <span class='ocrx_word' id='word_1_251' title='bbox 1253 3878 1437 3950; x_wconf 69' lang='lat' dir='ltr'>dpuhlicesG</span> <span class='ocrx_word' id='word_1_252' title='bbox 1517 3879 1585 3950; x_wconf 87' lang='grc'>500]</span> <span class='ocrx_word' id='word_1_253' title='bbox 1599 3881 1659 3945; x_wconf 81' lang='grc'>(111,</span> <span class='ocrx_word' id='word_1_254' title='bbox 1670 3889 1757 3932; x_wconf 89' lang='lat' dir='ltr'>utrum</span> <span class='ocrx_word' id='word_1_255' title='bbox 1766 3881 1899 3932; x_wconf 78' lang='lat' dir='ltr'>Bormciua</span> <span class='ocrx_word' id='word_1_256' title='bbox 1944 3880 2075 3942; x_wconf 69' lang='lat' dir='ltr'>ramoitis,</span> 
     </span>
     <span class='ocr_line' id='line_1_31' title="bbox 423 3960 2076 4034; baseline -0.001 -18"><span class='ocrx_word' id='word_1_257' title='bbox 423 3984 478 4017; x_wconf 77' lang='lat' dir='ltr'>ros.</span> <span class='ocrx_word' id='word_1_258' title='bbox 491 3984 504 4017; x_wconf 91' lang='lat' dir='ltr'>r</span> <span class='ocrx_word' id='word_1_259' title='bbox 517 3962 543 4016; x_wconf 82' lang='lat' dir='ltr'><strong><em>G</em></strong></span> <span class='ocrx_word' id='word_1_260' title='bbox 635 3965 652 4015; x_wconf 78' lang='lat' dir='ltr'>a</span> <span class='ocrx_word' id='word_1_261' title='bbox 670 3964 786 4033; x_wconf 83' lang='lat' dir='ltr'>respuas]</span> <span class='ocrx_word' id='word_1_262' title='bbox 800 3984 829 4032; x_wconf 86' lang='lat' dir='ltr'>p.</span> <span class='ocrx_word' id='word_1_263' title='bbox 844 3971 878 4018; x_wconf 79' lang='grc'>48</span> <span class='ocrx_word' id='word_1_264' title='bbox 896 3969 995 4030; x_wconf 77' lang='lat' dir='ltr'>desinit,</span> <span class='ocrx_word' id='word_1_265' title='bbox 1008 3986 1037 4034; x_wconf 86' lang='lat' dir='ltr'>p.</span> <span class='ocrx_word' id='word_1_266' title='bbox 1051 3973 1084 4019; x_wconf 78' lang='lat'>49</span> <span class='ocrx_word' id='word_1_267' title='bbox 1095 3970 1274 4034; x_wconf 61' lang='grc' dir='ltr'>Ι1000000000000</span> <span class='ocrx_word' id='word_1_268' title='bbox 1287 3969 1393 4034; x_wconf 76' lang='lat' dir='ltr'>prologi</span> <span class='ocrx_word' id='word_1_269' title='bbox 1410 3968 1604 4019; x_wconf 81' lang='lat' dir='ltr'>Boudoaioioai</span> <span class='ocrx_word' id='word_1_270' title='bbox 1621 3968 1676 4018; x_wconf 84' lang='lat' dir='ltr'>olio</span> <span class='ocrx_word' id='word_1_271' title='bbox 1693 3984 1774 4018; x_wconf 83' lang='lat' dir='ltr'>mana</span> <span class='ocrx_word' id='word_1_272' title='bbox 1791 3969 1913 4034; x_wconf 81' lang='lat' dir='ltr'>scriptam</span> <span class='ocrx_word' id='word_1_273' title='bbox 1930 3960 2076 4032; x_wconf 61' lang='lat' dir='ltr'>occupati}</span> 
     </span>
     <span class='ocr_line' id='line_1_32' title="bbox 426 4048 2074 4121; baseline -0.001 -18"><span class='ocrx_word' id='word_1_274' title='bbox 426 4051 440 4103; x_wconf 83' lang='grc'>1</span> <span class='ocrx_word' id='word_1_275' title='bbox 459 4054 520 4104; x_wconf 84' lang='lat' dir='ltr'>item</span> <span class='ocrx_word' id='word_1_276' title='bbox 531 4079 566 4086; x_wconf 90' lang='lat'>—</span> <span class='ocrx_word' id='word_1_277' title='bbox 579 4048 731 4118; x_wconf 80' lang='lat' dir='ltr'>subscripsi]</span> <span class='ocrx_word' id='word_1_278' title='bbox 751 4050 813 4102; x_wconf 83' lang='lat' dir='ltr'>boec</span> <span class='ocrx_word' id='word_1_279' title='bbox 831 4053 858 4102; x_wconf 81' lang='lat' dir='ltr'>iu</span> <span class='ocrx_word' id='word_1_280' title='bbox 876 4054 960 4104; x_wconf 84' lang='lat' dir='ltr'>codice</span> <span class='ocrx_word' id='word_1_281' title='bbox 975 4072 1003 4120; x_wconf 87' lang='lat' dir='ltr'>p.</span> <span class='ocrx_word' id='word_1_282' title='bbox 1017 4058 1066 4106; x_wconf 80' lang='lat'>328</span> <span class='ocrx_word' id='word_1_283' title='bbox 1078 4056 1192 4120; x_wconf 77' lang='lat' dir='ltr'>epistulis</span> <span class='ocrx_word' id='word_1_284' title='bbox 1205 4054 1241 4104; x_wconf 83' lang='lat' dir='ltr'>ad</span> <span class='ocrx_word' id='word_1_285' title='bbox 1253 4054 1416 4104; x_wconf 82' lang='lat' dir='ltr'>Desiderium</span> <span class='ocrx_word' id='word_1_286' title='bbox 1429 4055 1496 4105; x_wconf 77' lang='lat' dir='ltr'>dotia</span> <span class='ocrx_word' id='word_1_287' title='bbox 1510 4051 1554 4121; x_wconf 88' lang='lat' dir='ltr'>(cs.</span> <span class='ocrx_word' id='word_1_288' title='bbox 1569 4055 1695 4117; x_wconf 69' lang='grc'>00010100,</span> <span class='ocrx_word' id='word_1_289' title='bbox 1711 4054 1780 4106; x_wconf 85' lang='lat' dir='ltr'>Leet.</span> <span class='ocrx_word' id='word_1_290' title='bbox 1793 4064 1845 4104; x_wconf 81' lang='lat' dir='ltr'>cat</span> <span class='ocrx_word' id='word_1_291' title='bbox 1862 4053 1890 4118; x_wconf 79' lang='lat' dir='ltr'>V,</span> <span class='ocrx_word' id='word_1_292' title='bbox 1906 4072 1932 4120; x_wconf 89' lang='lat' dir='ltr'>p.</span> <span class='ocrx_word' id='word_1_293' title='bbox 1947 4051 2003 4117; x_wconf 83' lang='lat'><em>551)</em></span> <span class='ocrx_word' id='word_1_294' title='bbox 2017 4052 2074 4102; x_wconf 82' lang='lat' dir='ltr'>aab·</span> 
     </span>
     <span class='ocr_line' id='line_1_33' title="bbox 424 4135 2075 4208; baseline -0.002 -19"><span class='ocrx_word' id='word_1_295' title='bbox 424 4140 512 4189; x_wconf 80' lang='lat' dir='ltr'>iuncto</span> <span class='ocrx_word' id='word_1_296' title='bbox 524 4147 591 4195; x_wconf 84' lang='lat' dir='ltr'>sant.</span> <span class='ocrx_word' id='word_1_297' title='bbox 607 4155 672 4203; x_wconf 71' lang='lat' dir='ltr'>piae</span> <span class='ocrx_word' id='word_1_298' title='bbox 684 4137 778 4189; x_wconf 77' lang='lat' dir='ltr'>Imcidi</span> <span class='ocrx_word' id='word_1_299' title='bbox 793 4139 902 4204; x_wconf 68' lang='grc'>00100010</span> <span class='ocrx_word' id='word_1_300' title='bbox 920 4141 1012 4206; x_wconf 66' lang='lat' dir='ltr'>accipit</span> <span class='ocrx_word' id='word_1_301' title='bbox 1025 4135 1058 4202; x_wconf 83' lang='lat' dir='ltr'>G,</span> <span class='ocrx_word' id='word_1_302' title='bbox 1076 4140 1151 4190; x_wconf 76' lang='lat' dir='ltr'>hebet</span> <span class='ocrx_word' id='word_1_303' title='bbox 1164 4140 1201 4202; x_wconf 87' lang='grc' dir='ltr'>Η,</span> <span class='ocrx_word' id='word_1_304' title='bbox 1217 4141 1346 4192; x_wconf 77' lang='lat' dir='ltr'>coxardus</span> <span class='ocrx_word' id='word_1_305' title='bbox 1364 4141 1390 4190; x_wconf 88' lang='grc'>10</span> <span class='ocrx_word' id='word_1_306' title='bbox 1408 4141 1497 4192; x_wconf 85' lang='lat' dir='ltr'>christi</span> <span class='ocrx_word' id='word_1_307' title='bbox 1515 4142 1618 4192; x_wconf 86' lang='lat' dir='ltr'>nomine</span> <span class='ocrx_word' id='word_1_308' title='bbox 1635 4143 1771 4208; x_wconf 89' lang='lat' dir='ltr'>spiscopus</span> <span class='ocrx_word' id='word_1_309' title='bbox 1788 4141 1867 4207; x_wconf 85' lang='lat' dir='ltr'>relegi</span> <span class='ocrx_word' id='word_1_310' title='bbox 1885 4147 1911 4191; x_wconf 90' lang='lat' dir='ltr'>et</span> <span class='ocrx_word' id='word_1_311' title='bbox 1927 4137 2075 4205; x_wconf 82' lang='lat' dir='ltr'>subscripsi.</span> 
     </span>
     <span class='ocr_line' id='line_1_34' title="bbox 425 4224 2075 4294; baseline 0 -20"><span class='ocrx_word' id='word_1_312' title='bbox 425 4227 525 4276; x_wconf 85' lang='grc'>1000000</span> <span class='ocrx_word' id='word_1_313' title='bbox 542 4225 674 4290; x_wconf 85' lang='lat' dir='ltr'>exemplar</span> <span class='ocrx_word' id='word_1_314' title='bbox 691 4224 813 4291; x_wconf 83' lang='lat' dir='ltr'>epistolae</span> <span class='ocrx_word' id='word_1_315' title='bbox 830 4241 902 4276; x_wconf 85' lang='lat' dir='ltr'>meae</span> <span class='ocrx_word' id='word_1_316' title='bbox 920 4227 1000 4293; x_wconf 87' lang='lat' dir='ltr'>relegi</span> <span class='ocrx_word' id='word_1_317' title='bbox 1017 4234 1043 4278; x_wconf 91' lang='lat' dir='ltr'>et</span> <span class='ocrx_word' id='word_1_318' title='bbox 1060 4228 1207 4294; x_wconf 80' lang='lat' dir='ltr'>strbscripsi.</span> <span class='ocrx_word' id='word_1_319' title='bbox 1243 4227 1337 4294; x_wconf 85' lang='lat' dir='ltr'>paulus</span> <span class='ocrx_word' id='word_1_320' title='bbox 1358 4228 1494 4294; x_wconf 89' lang='lat' dir='ltr'>episcopus</span> <span class='ocrx_word' id='word_1_321' title='bbox 1512 4228 1538 4278; x_wconf 86' lang='lat' dir='ltr'>iu</span> <span class='ocrx_word' id='word_1_322' title='bbox 1557 4228 1646 4279; x_wconf 90' lang='lat' dir='ltr'>christi</span> <span class='ocrx_word' id='word_1_323' title='bbox 1661 4229 1764 4279; x_wconf 90' lang='lat' dir='ltr'>nomine</span> <span class='ocrx_word' id='word_1_324' title='bbox 1785 4228 1865 4294; x_wconf 82' lang='lat' dir='ltr'>relegi</span> <span class='ocrx_word' id='word_1_325' title='bbox 1885 4235 1911 4278; x_wconf 87' lang='lat' dir='ltr'>et</span> <span class='ocrx_word' id='word_1_326' title='bbox 1927 4225 2075 4290; x_wconf 82' lang='lat' dir='ltr'>subscripsi.</span> 
     </span>
     <span class='ocr_line' id='line_1_35' title="bbox 425 4310 2075 4381; baseline -0.002 -19"><span class='ocrx_word' id='word_1_327' title='bbox 425 4310 557 4376; x_wconf 69' lang='lat' dir='ltr'>ennepius</span> <span class='ocrx_word' id='word_1_328' title='bbox 568 4311 595 4360; x_wconf 91' lang='lat' dir='ltr'>in</span> <span class='ocrx_word' id='word_1_329' title='bbox 606 4311 708 4360; x_wconf 91' lang='lat' dir='ltr'>nomine</span> <span class='ocrx_word' id='word_1_330' title='bbox 718 4311 806 4362; x_wconf 87' lang='lat' dir='ltr'>christi</span> <span class='ocrx_word' id='word_1_331' title='bbox 815 4311 951 4378; x_wconf 85' lang='lat' dir='ltr'>episcopus</span> <span class='ocrx_word' id='word_1_332' title='bbox 963 4314 1042 4378; x_wconf 82' lang='lat' dir='ltr'>relegi</span> <span class='ocrx_word' id='word_1_333' title='bbox 1053 4320 1080 4364; x_wconf 90' lang='lat' dir='ltr'>et</span> <span class='ocrx_word' id='word_1_334' title='bbox 1089 4314 1235 4380; x_wconf 88' lang='lat' dir='ltr'>subscripsi.</span> <span class='ocrx_word' id='word_1_335' title='bbox 1261 4314 1417 4381; x_wconf 78' lang='lat' dir='ltr'>pragmatius</span> <span class='ocrx_word' id='word_1_336' title='bbox 1429 4314 1455 4364; x_wconf 88' lang='lat' dir='ltr'>iu</span> <span class='ocrx_word' id='word_1_337' title='bbox 1467 4314 1556 4365; x_wconf 88' lang='lat' dir='ltr'>christi</span> <span class='ocrx_word' id='word_1_338' title='bbox 1567 4315 1642 4380; x_wconf 89' lang='lat' dir='ltr'>signo</span> <span class='ocrx_word' id='word_1_339' title='bbox 1654 4315 1789 4381; x_wconf 87' lang='lat' dir='ltr'>episcopus</span> <span class='ocrx_word' id='word_1_340' title='bbox 1800 4314 1880 4379; x_wconf 80' lang='lat' dir='ltr'>relegi</span> <span class='ocrx_word' id='word_1_341' title='bbox 1891 4319 1918 4364; x_wconf 90' lang='lat' dir='ltr'>et</span> <span class='ocrx_word' id='word_1_342' title='bbox 1929 4310 2075 4378; x_wconf 87' lang='lat' dir='ltr'>subscripsi.</span> 
     </span>
     <span class='ocr_line' id='line_1_36' title="bbox 426 4396 2074 4467; baseline -0.001 -19"><span class='ocrx_word' id='word_1_343' title='bbox 426 4397 524 4464; x_wconf 86' lang='lat' dir='ltr'>patiens</span> <span class='ocrx_word' id='word_1_344' title='bbox 541 4397 569 4446; x_wconf 93' lang='lat' dir='ltr'>in</span> <span class='ocrx_word' id='word_1_345' title='bbox 587 4396 682 4447; x_wconf 88' lang='lat' dir='ltr'>christo</span> <span class='ocrx_word' id='word_1_346' title='bbox 700 4397 836 4463; x_wconf 89' lang='lat' dir='ltr'>episcopus</span> <span class='ocrx_word' id='word_1_347' title='bbox 854 4397 934 4464; x_wconf 88' lang='lat' dir='ltr'>relegi</span> <span class='ocrx_word' id='word_1_348' title='bbox 953 4405 979 4449; x_wconf 91' lang='lat' dir='ltr'>et</span> <span class='ocrx_word' id='word_1_349' title='bbox 996 4399 1146 4466; x_wconf 85' lang='lat' dir='ltr'>subscripsi.</span> <span class='ocrx_word' id='word_1_350' title='bbox 1176 4401 1335 4467; x_wconf 86' lang='lat' dir='ltr'>euphronius</span> <span class='ocrx_word' id='word_1_351' title='bbox 1353 4401 1432 4466; x_wconf 83' lang='lat' dir='ltr'>relegi</span> <span class='ocrx_word' id='word_1_352' title='bbox 1456 4409 1482 4449; x_wconf 89' lang='lat' dir='ltr'>et</span> <span class='ocrx_word' id='word_1_353' title='bbox 1505 4400 1644 4450; x_wconf 86' lang='lat' dir='ltr'>admiratus</span> <span class='ocrx_word' id='word_1_354' title='bbox 1665 4417 1722 4451; x_wconf 88' lang='lat' dir='ltr'>sum</span> <span class='ocrx_word' id='word_1_355' title='bbox 1746 4400 1929 4466; x_wconf 89' lang='lat' dir='ltr'>plenitudinem</span> <span class='ocrx_word' id='word_1_356' title='bbox 1953 4403 2074 4450; x_wconf 85' lang='lat' dir='ltr'>sanctam.</span> 
     </span>
     <span class='ocr_line' id='line_1_37' title="bbox 426 4483 2076 4553; baseline -0.001 -19"><span class='ocrx_word' id='word_1_357' title='bbox 426 4484 571 4552; x_wconf 84' lang='lat' dir='ltr'>megethius</span> <span class='ocrx_word' id='word_1_358' title='bbox 589 4484 725 4550; x_wconf 86' lang='lat' dir='ltr'>episcopus</span> <span class='ocrx_word' id='word_1_359' title='bbox 742 4484 823 4550; x_wconf 88' lang='lat' dir='ltr'>relegi</span> <span class='ocrx_word' id='word_1_360' title='bbox 841 4491 867 4535; x_wconf 89' lang='lat' dir='ltr'>at</span> <span class='ocrx_word' id='word_1_361' title='bbox 886 4485 1035 4552; x_wconf 86' lang='lat' dir='ltr'>subscripsi.</span> <span class='ocrx_word' id='word_1_362' title='bbox 1065 4487 1182 4537; x_wconf 88' lang='lat' dir='ltr'>claudius</span> <span class='ocrx_word' id='word_1_363' title='bbox 1202 4487 1229 4536; x_wconf 93' lang='lat' dir='ltr'>in</span> <span class='ocrx_word' id='word_1_364' title='bbox 1248 4487 1350 4537; x_wconf 90' lang='lat' dir='ltr'>nomine</span> <span class='ocrx_word' id='word_1_365' title='bbox 1369 4487 1457 4537; x_wconf 89' lang='lat' dir='ltr'>christi</span> <span class='ocrx_word' id='word_1_366' title='bbox 1475 4485 1611 4552; x_wconf 89' lang='lat' dir='ltr'>episcopus</span> <span class='ocrx_word' id='word_1_367' title='bbox 1628 4487 1708 4552; x_wconf 83' lang='lat' dir='ltr'>relegi</span> <span class='ocrx_word' id='word_1_368' title='bbox 1726 4493 1751 4538; x_wconf 89' lang='lat' dir='ltr'>ct</span> <span class='ocrx_word' id='word_1_369' title='bbox 1769 4486 1915 4553; x_wconf 88' lang='lat' dir='ltr'>subscripsi.</span> <span class='ocrx_word' id='word_1_370' title='bbox 1945 4483 2076 4534; x_wconf 85' lang='lat' dir='ltr'>leucadius</span> 
     </span>
     <span class='ocr_line' id='line_1_38' title="bbox 426 4570 2075 4639; baseline -0.001 -18"><span class='ocrx_word' id='word_1_371' title='bbox 426 4572 451 4621; x_wconf 93' lang='lat' dir='ltr'>iu</span> <span class='ocrx_word' id='word_1_372' title='bbox 475 4571 578 4622; x_wconf 88' lang='lat' dir='ltr'>nominc</span> <span class='ocrx_word' id='word_1_373' title='bbox 603 4571 691 4621; x_wconf 88' lang='lat' dir='ltr'>christi</span> <span class='ocrx_word' id='word_1_374' title='bbox 714 4571 850 4637; x_wconf 88' lang='lat' dir='ltr'>episcopus</span> <span class='ocrx_word' id='word_1_375' title='bbox 872 4571 950 4638; x_wconf 90' lang='lat' dir='ltr'>relegi</span> <span class='ocrx_word' id='word_1_376' title='bbox 974 4579 1000 4624; x_wconf 89' lang='lat' dir='ltr'>et</span> <span class='ocrx_word' id='word_1_377' title='bbox 1025 4573 1172 4639; x_wconf 85' lang='lat' dir='ltr'>subscripsi.</span> <span class='ocrx_word' id='word_1_378' title='bbox 1210 4573 1322 4624; x_wconf 88' lang='lat' dir='ltr'>iulianus</span> <span class='ocrx_word' id='word_1_379' title='bbox 1346 4574 1373 4622; x_wconf 93' lang='lat' dir='ltr'>in</span> <span class='ocrx_word' id='word_1_380' title='bbox 1397 4575 1501 4624; x_wconf 87' lang='lat' dir='ltr'>nomine</span> <span class='ocrx_word' id='word_1_381' title='bbox 1523 4573 1612 4623; x_wconf 88' lang='lat' dir='ltr'>christi</span> <span class='ocrx_word' id='word_1_382' title='bbox 1635 4573 1769 4639; x_wconf 88' lang='lat' dir='ltr'>episcopus</span> <span class='ocrx_word' id='word_1_383' title='bbox 1791 4571 1937 4638; x_wconf 88' lang='lat' dir='ltr'>subscripsi.</span> <span class='ocrx_word' id='word_1_384' title='bbox 1974 4570 2075 4620; x_wconf 88' lang='lat' dir='ltr'>lucidus</span> 
     </span>
     <span class='ocr_line' id='line_1_39' title="bbox 425 4655 2075 4726; baseline -0.004 -16"><span class='ocrx_word' id='word_1_385' title='bbox 425 4660 559 4726; x_wconf 86' lang='lat' dir='ltr'>presbyter</span> <span class='ocrx_word' id='word_1_386' title='bbox 568 4658 649 4725; x_wconf 87' lang='lat' dir='ltr'>relegi</span> <span class='ocrx_word' id='word_1_387' title='bbox 658 4665 684 4708; x_wconf 89' lang='lat' dir='ltr'>et</span> <span class='ocrx_word' id='word_1_388' title='bbox 692 4659 831 4725; x_wconf 82' lang='lat' dir='ltr'>subscripsi</span> <span class='ocrx_word' id='word_1_389' title='bbox 841 4658 987 4710; x_wconf 79' lang='lat' dir='ltr'>Berenice.-</span> <span class='ocrx_word' id='word_1_390' title='bbox 999 4660 1202 4726; x_wconf 65' lang='lat' dir='ltr'>adscriptionem,</span> <span class='ocrx_word' id='word_1_391' title='bbox 1214 4677 1279 4725; x_wconf 81' lang='lat' dir='ltr'>quos</span> <span class='ocrx_word' id='word_1_392' title='bbox 1289 4659 1448 4710; x_wconf 80' lang='lat' dir='ltr'>Hioenmras</span> <span class='ocrx_word' id='word_1_393' title='bbox 1458 4676 1554 4724; x_wconf 80' lang='lat' dir='ltr'>quoquc</span> <span class='ocrx_word' id='word_1_394' title='bbox 1563 4659 1698 4725; x_wconf 74' lang='grc'>1900000010,</span> <span class='ocrx_word' id='word_1_395' title='bbox 1709 4657 1871 4719; x_wconf 75' lang='lat' dir='ltr'>Simnandar,</span> <span class='ocrx_word' id='word_1_396' title='bbox 1883 4657 1938 4708; x_wconf 76' lang='lat' dir='ltr'>laist.</span> <span class='ocrx_word' id='word_1_397' title='bbox 1944 4655 2075 4722; x_wconf 78' lang='lat' dir='ltr'>praedest.</span> 
     </span>
     <span class='ocr_line' id='line_1_40' title="bbox 425 4737 2075 4812; baseline -0.002 -16"><span class='ocrx_word' id='word_1_398' title='bbox 425 4763 445 4796; x_wconf 85' lang='lat' dir='ltr'>c.</span> <span class='ocrx_word' id='word_1_399' title='bbox 465 4744 523 4796; x_wconf 84' lang='lat' dir='ltr'>VII</span> <span class='ocrx_word' id='word_1_400' title='bbox 539 4741 647 4811; x_wconf 78' lang='lat' dir='ltr'>(Mipae,</span> <span class='ocrx_word' id='word_1_401' title='bbox 666 4743 766 4795; x_wconf 86' lang='lat' dir='ltr'>Patrol.</span> <span class='ocrx_word' id='word_1_402' title='bbox 781 4745 826 4795; x_wconf 84' lang='lat' dir='ltr'>lat.</span> <span class='ocrx_word' id='word_1_403' title='bbox 839 4745 924 4809; x_wconf 87' lang='lat' dir='ltr'>LIII,</span> <span class='ocrx_word' id='word_1_404' title='bbox 939 4764 966 4812; x_wconf 87' lang='lat' dir='ltr'>p.</span> <span class='ocrx_word' id='word_1_405' title='bbox 980 4745 1042 4810; x_wconf 81' lang='lat'><strong><em>683)</em></strong></span> <span class='ocrx_word' id='word_1_406' title='bbox 1062 4746 1211 4812; x_wconf 72' lang='lat' dir='ltr'>catapersica</span> <span class='ocrx_word' id='word_1_407' title='bbox 1229 4745 1333 4796; x_wconf 72' lang='lat' dir='ltr'>delevit:</span> <span class='ocrx_word' id='word_1_408' title='bbox 1354 4753 1413 4796; x_wconf 80' lang='lat' dir='ltr'>suat</span> <span class='ocrx_word' id='word_1_409' title='bbox 1430 4753 1514 4796; x_wconf 77' lang='lat' dir='ltr'>auam</span> <span class='ocrx_word' id='word_1_410' title='bbox 1533 4762 1564 4795; x_wconf 80' lang='lat' dir='ltr'>cx</span> <span class='ocrx_word' id='word_1_411' title='bbox 1582 4746 1692 4810; x_wconf 81' lang='lat' dir='ltr'>epistula</span> <span class='ocrx_word' id='word_1_412' title='bbox 1705 4742 1778 4794; x_wconf 86' lang='lat' dir='ltr'>XIX</span> <span class='ocrx_word' id='word_1_413' title='bbox 1787 4745 1883 4809; x_wconf 83' lang='lat' dir='ltr'>petitae</span> <span class='ocrx_word' id='word_1_414' title='bbox 1945 4737 2075 4808; x_wconf 73' lang='grc' dir='ltr'>0000110Ῑο0</span> 
     </span>
     <span class='ocr_line' id='line_1_41' title="bbox 423 4817 2075 4900; baseline -0.002 -17"><span class='ocrx_word' id='word_1_415' title='bbox 423 4833 499 4899; x_wconf 88' lang='lat' dir='ltr'>religi</span> <span class='ocrx_word' id='word_1_416' title='bbox 522 4839 548 4884; x_wconf 87' lang='lat' dir='ltr'>ot</span> <span class='ocrx_word' id='word_1_417' title='bbox 569 4832 687 4900; x_wconf 75' lang='lat' dir='ltr'>subscrip</span> <span class='ocrx_word' id='word_1_418' title='bbox 706 4828 732 4881; x_wconf 84' lang='lat' dir='ltr'><em>G</em></span> <span class='ocrx_word' id='word_1_419' title='bbox 861 4830 878 4884; x_wconf 83' lang='lat'>8</span> <span class='ocrx_word' id='word_1_420' title='bbox 901 4834 995 4884; x_wconf 70' lang='lat' dir='ltr'>amma</span> <span class='ocrx_word' id='word_1_421' title='bbox 1010 4833 1117 4900; x_wconf 85' lang='lat' dir='ltr'>seruat:</span> <span class='ocrx_word' id='word_1_422' title='bbox 1142 4833 1331 4884; x_wconf 67' lang='lat' dir='ltr'>exsucata</span> <span class='ocrx_word' id='word_1_423' title='bbox 1356 4832 1546 4882; x_wconf 80' lang='lat' dir='ltr'><strong>EPISTULAE</strong></span> <span class='ocrx_word' id='word_1_424' title='bbox 1568 4831 1686 4883; x_wconf 87' lang='lat' dir='ltr'>LUClDl</span> <span class='ocrx_word' id='word_1_425' title='bbox 1708 4817 1785 4882; x_wconf 58' lang='lat' dir='ltr'>l&#39;Rffl</span> <span class='ocrx_word' id='word_1_426' title='bbox 1806 4826 1839 4893; x_wconf 80' lang='lat' dir='ltr'>G,</span> <span class='ocrx_word' id='word_1_427' title='bbox 1863 4831 1922 4881; x_wconf 85' lang='lat' dir='ltr'>item</span> <span class='ocrx_word' id='word_1_428' title='bbox 1945 4830 2075 4896; x_wconf 83' lang='lat' dir='ltr'>exemplar</span> 
     </span>
     <span class='ocr_line' id='line_1_42' title="bbox 425 4916 2075 4989; baseline 0.001 -21"><span class='ocrx_word' id='word_1_429' title='bbox 425 4919 504 4969; x_wconf 85' lang='lat' dir='ltr'>libelli</span> <span class='ocrx_word' id='word_1_430' title='bbox 522 4918 601 4970; x_wconf 90' lang='lat' dir='ltr'>lucidi</span> <span class='ocrx_word' id='word_1_431' title='bbox 620 4919 763 4986; x_wconf 82' lang='lat' dir='ltr'>presbyteri</span> <span class='ocrx_word' id='word_1_432' title='bbox 777 4919 807 4968; x_wconf 90' lang='lat' dir='ltr'><em>H</em></span> <span class='ocrx_word' id='word_1_433' title='bbox 908 4916 924 4968; x_wconf 87' lang='lat'>9</span> <span class='ocrx_word' id='word_1_434' title='bbox 943 4922 1090 4972; x_wconf 81' lang='lat' dir='ltr'>reserandis</span> <span class='ocrx_word' id='word_1_435' title='bbox 1108 4921 1241 4973; x_wconf 71' lang='lat' dir='ltr'>Bormiae</span> <span class='ocrx_word' id='word_1_436' title='bbox 1354 4920 1386 4972; x_wconf 92' lang='grc'>10</span> <span class='ocrx_word' id='word_1_437' title='bbox 1403 4923 1520 4974; x_wconf 87' lang='lat' dir='ltr'>eufronio</span> <span class='ocrx_word' id='word_1_438' title='bbox 1545 4949 1571 4958; x_wconf 92' lang='lat'><em>-</em></span> <span class='ocrx_word' id='word_1_439' title='bbox 1592 4920 1624 4973; x_wconf 93' lang='grc'>15</span> <span class='ocrx_word' id='word_1_440' title='bbox 1642 4918 1786 4989; x_wconf 85' lang='lat' dir='ltr'>presbyter]</span> <span class='ocrx_word' id='word_1_441' title='bbox 1804 4921 1928 4984; x_wconf 79' lang='lat' dir='ltr'>eufronio,</span> <span class='ocrx_word' id='word_1_442' title='bbox 1952 4919 2075 4980; x_wconf 84' lang='lat' dir='ltr'>uiuentis,</span> 
     </span>
     <span class='ocr_line' id='line_1_43' title="bbox 424 4991 2074 5077; baseline 0 -21"><span class='ocrx_word' id='word_1_443' title='bbox 424 5006 536 5070; x_wconf 86' lang='lat' dir='ltr'>neriano,</span> <span class='ocrx_word' id='word_1_444' title='bbox 555 5007 640 5070; x_wconf 89' lang='lat' dir='ltr'>paulo,</span> <span class='ocrx_word' id='word_1_445' title='bbox 659 5006 783 5072; x_wconf 90' lang='lat' dir='ltr'>eutropio,</span> <span class='ocrx_word' id='word_1_446' title='bbox 801 5006 929 5069; x_wconf 87' lang='lat' dir='ltr'>marcello,</span> <span class='ocrx_word' id='word_1_447' title='bbox 949 5007 1059 5072; x_wconf 83' lang='lat' dir='ltr'>claudio,</span> <span class='ocrx_word' id='word_1_448' title='bbox 1077 5007 1180 5073; x_wconf 88' lang='lat' dir='ltr'>leontio,</span> <span class='ocrx_word' id='word_1_449' title='bbox 1200 4991 1330 5072; x_wconf 84' lang='lat' dir='ltr'>mamerto,</span> <span class='ocrx_word' id='word_1_450' title='bbox 1349 5009 1468 5074; x_wconf 85' lang='lat' dir='ltr'>auxanio,</span> <span class='ocrx_word' id='word_1_451' title='bbox 1488 5009 1605 5077; x_wconf 87' lang='lat' dir='ltr'>megetio,</span> <span class='ocrx_word' id='word_1_452' title='bbox 1624 5009 1726 5066; x_wconf 80' lang='lat' dir='ltr'>leontio,</span> <span class='ocrx_word' id='word_1_453' title='bbox 1744 5024 1826 5071; x_wconf 87' lang='lat' dir='ltr'>croco,</span> <span class='ocrx_word' id='word_1_454' title='bbox 1844 5008 1963 5069; x_wconf 87' lang='lat' dir='ltr'>ursicino,</span> <span class='ocrx_word' id='word_1_455' title='bbox 1982 5008 2074 5067; x_wconf 85' lang='lat' dir='ltr'>lonteo,</span> 
     </span>
     <span class='ocr_line' id='line_1_44' title="bbox 424 5091 2075 5162; baseline -0.001 -18"><span class='ocrx_word' id='word_1_456' title='bbox 424 5091 541 5158; x_wconf 87' lang='lat' dir='ltr'>patienti,</span> <span class='ocrx_word' id='word_1_457' title='bbox 566 5094 658 5157; x_wconf 86' lang='lat' dir='ltr'>fausto,</span> <span class='ocrx_word' id='word_1_458' title='bbox 683 5109 783 5158; x_wconf 84' lang='lat' dir='ltr'>graeco,</span> <span class='ocrx_word' id='word_1_459' title='bbox 807 5093 917 5156; x_wconf 92' lang='lat' dir='ltr'>claudio,</span> <span class='ocrx_word' id='word_1_460' title='bbox 936 5094 1038 5157; x_wconf 87' lang='lat' dir='ltr'>basilio,</span> <span class='ocrx_word' id='word_1_461' title='bbox 1056 5101 1223 5161; x_wconf 85' lang='lat' dir='ltr'>praetextato,</span> <span class='ocrx_word' id='word_1_462' title='bbox 1242 5095 1392 5162; x_wconf 82' lang='lat' dir='ltr'>pragmatio,</span> <span class='ocrx_word' id='word_1_463' title='bbox 1411 5095 1535 5159; x_wconf 82' lang='lat' dir='ltr'>uiuentis,</span> <span class='ocrx_word' id='word_1_464' title='bbox 1554 5095 1639 5146; x_wconf 85' lang='lat' dir='ltr'>ioanni</span> <span class='ocrx_word' id='word_1_465' title='bbox 1657 5095 1784 5161; x_wconf 86' lang='lat' dir='ltr'>episcopo,</span> <span class='ocrx_word' id='word_1_466' title='bbox 1802 5094 1953 5160; x_wconf 88' lang='lat' dir='ltr'>theoplasto,</span> <span class='ocrx_word' id='word_1_467' title='bbox 1971 5092 2075 5155; x_wconf 89' lang='lat' dir='ltr'>iuliano,</span> 
     </span>
     <span class='ocr_line' id='line_1_45' title="bbox 424 5179 2076 5249; baseline -0.001 -20"><span class='ocrx_word' id='word_1_468' title='bbox 424 5179 538 5246; x_wconf 87' lang='lat' dir='ltr'>opilioni,</span> <span class='ocrx_word' id='word_1_469' title='bbox 556 5180 677 5244; x_wconf 85' lang='lat' dir='ltr'>leocadio,</span> <span class='ocrx_word' id='word_1_470' title='bbox 696 5180 797 5230; x_wconf 86' lang='lat' dir='ltr'>amicali</span> <span class='ocrx_word' id='word_1_471' title='bbox 815 5188 840 5232; x_wconf 87' lang='lat' dir='ltr'>st</span> <span class='ocrx_word' id='word_1_472' title='bbox 858 5180 945 5231; x_wconf 89' lang='lat' dir='ltr'>licinio</span> <span class='ocrx_word' id='word_1_473' title='bbox 964 5180 1119 5248; x_wconf 86' lang='lat' dir='ltr'>presbyteris</span> <span class='ocrx_word' id='word_1_474' title='bbox 1138 5181 1241 5232; x_wconf 89' lang='lat' dir='ltr'>lucidus</span> <span class='ocrx_word' id='word_1_475' title='bbox 1253 5181 1285 5230; x_wconf 91' lang='grc'>11</span> <span class='ocrx_word' id='word_1_476' title='bbox 1345 5182 1440 5232; x_wconf 90' lang='lat' dir='ltr'>leontio</span> <span class='ocrx_word' id='word_1_477' title='bbox 1458 5181 1599 5249; x_wconf 87' lang='lat' dir='ltr'>euphronio</span> <span class='ocrx_word' id='word_1_478' title='bbox 1613 5179 1745 5230; x_wconf 79' lang='lat' dir='ltr'>Baroaius</span> <span class='ocrx_word' id='word_1_479' title='bbox 1806 5196 1931 5230; x_wconf 88' lang='lat' dir='ltr'>mamerco</span> <span class='ocrx_word' id='word_1_480' title='bbox 1945 5179 2076 5228; x_wconf 84' lang='lat' dir='ltr'>Boroaiaa</span> 
     </span>
     <span class='ocr_line' id='line_1_46' title="bbox 423 5263 2075 5335; baseline 0 -19"><span class='ocrx_word' id='word_1_481' title='bbox 423 5266 523 5316; x_wconf 82' lang='grc'>0101000</span> <span class='ocrx_word' id='word_1_482' title='bbox 542 5265 674 5316; x_wconf 83' lang='lat' dir='ltr'>Baroaiae</span> <span class='ocrx_word' id='word_1_483' title='bbox 812 5265 841 5317; x_wconf 89' lang='lat' dir='ltr'>ll</span> <span class='ocrx_word' id='word_1_484' title='bbox 864 5268 978 5319; x_wconf 86' lang='lat' dir='ltr'>auxiano</span> <span class='ocrx_word' id='word_1_485' title='bbox 998 5263 1041 5317; x_wconf 74' lang='grc' dir='ltr'>(1ι</span> <span class='ocrx_word' id='word_1_486' title='bbox 1142 5270 1251 5334; x_wconf 90' lang='lat' dir='ltr'>megetio</span> <span class='ocrx_word' id='word_1_487' title='bbox 1274 5269 1352 5335; x_wconf 89' lang='lat' dir='ltr'>paulo</span> <span class='ocrx_word' id='word_1_488' title='bbox 1371 5267 1503 5318; x_wconf 76' lang='lat' dir='ltr'>Berenice</span> <span class='ocrx_word' id='word_1_489' title='bbox 1601 5268 1690 5318; x_wconf 87' lang='lat' dir='ltr'>basilio</span> <span class='ocrx_word' id='word_1_490' title='bbox 1715 5266 1809 5318; x_wconf 90' lang='lat' dir='ltr'>leontio</span> <span class='ocrx_word' id='word_1_491' title='bbox 1834 5267 1936 5318; x_wconf 91' lang='lat' dir='ltr'>claudio</span> <span class='ocrx_word' id='word_1_492' title='bbox 1959 5265 2075 5318; x_wconf 86' lang='lat' dir='ltr'>leucadio</span> 
     </span>
     <span class='ocr_line' id='line_1_47' title="bbox 424 5351 2074 5422; baseline -0.001 -19"><span class='ocrx_word' id='word_1_493' title='bbox 424 5354 566 5420; x_wconf 88' lang='lat' dir='ltr'>pragmatio</span> <span class='ocrx_word' id='word_1_494' title='bbox 585 5354 706 5405; x_wconf 87' lang='lat' dir='ltr'>marcello</span> <span class='ocrx_word' id='word_1_495' title='bbox 725 5363 880 5421; x_wconf 86' lang='lat' dir='ltr'>praetextato</span> <span class='ocrx_word' id='word_1_496' title='bbox 899 5355 995 5406; x_wconf 91' lang='lat' dir='ltr'>iuliano</span> <span class='ocrx_word' id='word_1_497' title='bbox 1013 5354 1113 5405; x_wconf 88' lang='lat' dir='ltr'>amicali</span> <span class='ocrx_word' id='word_1_498' title='bbox 1133 5355 1218 5406; x_wconf 87' lang='lat' dir='ltr'>ioanni</span> <span class='ocrx_word' id='word_1_499' title='bbox 1241 5356 1346 5422; x_wconf 90' lang='lat' dir='ltr'>opilioni</span> <span class='ocrx_word' id='word_1_500' title='bbox 1368 5355 1454 5406; x_wconf 91' lang='lat' dir='ltr'>licinio</span> <span class='ocrx_word' id='word_1_501' title='bbox 1478 5354 1594 5406; x_wconf 84' lang='lat' dir='ltr'>uiuentis</span> <span class='ocrx_word' id='word_1_502' title='bbox 1617 5353 1776 5419; x_wconf 90' lang='lat' dir='ltr'>theophlasto</span> <span class='ocrx_word' id='word_1_503' title='bbox 1798 5352 1924 5420; x_wconf 86' lang='lat' dir='ltr'>episcopis</span> <span class='ocrx_word' id='word_1_504' title='bbox 1942 5351 2074 5402; x_wconf 80' lang='lat' dir='ltr'>Boroaias</span> 
     </span>
     <span class='ocr_line' id='line_1_48' title="bbox 426 5433 2073 5508; baseline -0.001 -19"><span class='ocrx_word' id='word_1_505' title='bbox 426 5438 458 5489; x_wconf 78' lang='lat'>12</span> <span class='ocrx_word' id='word_1_506' title='bbox 476 5436 609 5490; x_wconf 80' lang='lat' dir='ltr'>baselioG</span> <span class='ocrx_word' id='word_1_507' title='bbox 668 5448 810 5506; x_wconf 86' lang='lat' dir='ltr'>pretextato</span> <span class='ocrx_word' id='word_1_508' title='bbox 824 5437 851 5491; x_wconf 80' lang='lat' dir='ltr'><em>G</em></span> <span class='ocrx_word' id='word_1_509' title='bbox 949 5438 983 5490; x_wconf 90' lang='grc'>13</span> <span class='ocrx_word' id='word_1_510' title='bbox 1000 5442 1115 5493; x_wconf 86' lang='lat' dir='ltr'>leocadio</span> <span class='ocrx_word' id='word_1_511' title='bbox 1131 5441 1188 5492; x_wconf 80' lang='lat' dir='ltr'>GH</span> <span class='ocrx_word' id='word_1_512' title='bbox 1245 5438 1570 5508; x_wconf 67' lang='grc'>000000100000161</span> <span class='ocrx_word' id='word_1_513' title='bbox 1670 5438 1703 5492; x_wconf 81' lang='grc'>14</span> <span class='ocrx_word' id='word_1_514' title='bbox 1721 5441 1816 5508; x_wconf 89' lang='lat' dir='ltr'>opiloni</span> <span class='ocrx_word' id='word_1_515' title='bbox 1834 5457 1901 5491; x_wconf 82' lang='lat' dir='ltr'>corr.</span> <span class='ocrx_word' id='word_1_516' title='bbox 1914 5439 2018 5506; x_wconf 89' lang='lat' dir='ltr'>opilioni</span> <span class='ocrx_word' id='word_1_517' title='bbox 2032 5433 2073 5488; x_wconf 83' lang='lat' dir='ltr'>G¹</span> 
     </span>
     <span class='ocr_line' id='line_1_49' title="bbox 424 5513 2075 5595; baseline 0 -19"><span class='ocrx_word' id='word_1_518' title='bbox 424 5522 558 5592; x_wconf 84' lang='lat' dir='ltr'>lycinioG</span> <span class='ocrx_word' id='word_1_519' title='bbox 638 5523 776 5594; x_wconf 76' lang='lat' dir='ltr'>episcopG</span> <span class='ocrx_word' id='word_1_520' title='bbox 894 5526 926 5578; x_wconf 83' lang='lat'>15</span> <span class='ocrx_word' id='word_1_521' title='bbox 944 5513 1000 5595; x_wconf 67' lang='lat' dir='ltr'>prbi</span> <span class='ocrx_word' id='word_1_522' title='bbox 1015 5524 1048 5590; x_wconf 82' lang='lat' dir='ltr'>G,</span> <span class='ocrx_word' id='word_1_523' title='bbox 1073 5546 1121 5578; x_wconf 79' lang='lat' dir='ltr'>ont.</span> <span class='ocrx_word' id='word_1_524' title='bbox 1141 5527 1274 5578; x_wconf 82' lang='lat' dir='ltr'>Baroaias</span> <span class='ocrx_word' id='word_1_525' title='bbox 1388 5525 1598 5580; x_wconf 74' lang='grc' dir='ltr'>170001000οι0</span> <span class='ocrx_word' id='word_1_526' title='bbox 1617 5527 1748 5577; x_wconf 71' lang='lat' dir='ltr'>Bormiae</span> <span class='ocrx_word' id='word_1_527' title='bbox 1868 5524 1900 5574; x_wconf 78' lang='lat'>19</span> <span class='ocrx_word' id='word_1_528' title='bbox 1922 5526 2030 5577; x_wconf 81' lang='lat' dir='ltr'>leocritia</span> <span class='ocrx_word' id='word_1_529' title='bbox 2050 5521 2075 5576; x_wconf 82' lang='lat' dir='ltr'><em>G</em></span> 
     </span>
     <span class='ocr_line' id='line_1_50' title="bbox 422 5606 2084 5682; baseline 0.001 -20"><span class='ocrx_word' id='word_1_530' title='bbox 422 5609 458 5662; x_wconf 77' lang='lat'>20</span> <span class='ocrx_word' id='word_1_531' title='bbox 475 5613 601 5664; x_wconf 86' lang='lat' dir='ltr'>humanae</span> <span class='ocrx_word' id='word_1_532' title='bbox 619 5612 778 5666; x_wconf 87' lang='lat' dir='ltr'>obedientias</span> <span class='ocrx_word' id='word_1_533' title='bbox 796 5616 908 5667; x_wconf 88' lang='lat' dir='ltr'>laborem</span> <span class='ocrx_word' id='word_1_534' title='bbox 921 5615 1054 5666; x_wconf 77' lang='lat' dir='ltr'>Berenice</span> <span class='ocrx_word' id='word_1_535' title='bbox 1151 5611 1186 5663; x_wconf 69' lang='lat'>‘22</span> <span class='ocrx_word' id='word_1_536' title='bbox 1203 5613 1334 5682; x_wconf 85' lang='lat' dir='ltr'>dominus]</span> <span class='ocrx_word' id='word_1_537' title='bbox 1354 5633 1401 5666; x_wconf 87' lang='lat' dir='ltr'>om.</span> <span class='ocrx_word' id='word_1_538' title='bbox 1416 5615 1549 5666; x_wconf 84' lang='lat' dir='ltr'>Baroaius</span> <span class='ocrx_word' id='word_1_539' title='bbox 1648 5611 1682 5664; x_wconf 78' lang='lat'>23</span> <span class='ocrx_word' id='word_1_540' title='bbox 1700 5608 1846 5664; x_wconf 87' lang='lat' dir='ltr'>salutcmG</span> <span class='ocrx_word' id='word_1_541' title='bbox 1944 5607 1978 5662; x_wconf 79' lang='lat'>25</span> <span class='ocrx_word' id='word_1_542' title='bbox 1996 5606 2084 5676; x_wconf 86' lang='lat' dir='ltr'>quod]¹</span> 
     </span>
     <span class='ocr_line' id='line_1_51' title="bbox 424 5698 714 5750; baseline 0.01 -2"><span class='ocrx_word' id='word_1_543' title='bbox 424 5715 483 5748; x_wconf 92' lang='lat' dir='ltr'>cum</span> <span class='ocrx_word' id='word_1_544' title='bbox 501 5698 562 5749; x_wconf 75' lang='lat' dir='ltr'>add.</span> <span class='ocrx_word' id='word_1_545' title='bbox 582 5698 714 5750; x_wconf 78' lang='lat' dir='ltr'>Barmsiuc</span> 
     </span>
    </p>
   </div>
   <div class='ocr_carea' id='block_1_7' title="bbox 0 0 2310 6424">
    <p class='ocr_par' dir='ltr' id='par_1_14' title="bbox 0 0 2310 6424">
     <span class='ocr_line' id='line_1_52' title="bbox 0 0 2310 6424; baseline 0 0"><span class='ocrx_word' id='word_1_546' title='bbox 0 0 2310 6424; x_wconf 95' lang='lat' dir='ltr'> </span> 
     </span>
    </p>
   </div>
  </div>
 </body>
</html>
