4612 6428
1071 403 1208 458 SIDONll
1227 403 1424 458 cnuulublu

788 576 972 643 Thesbiten
996 598 1068 640 oum
1092 577 1176 642 forto
1201 599 1314 642 senem
1339 579 1402 642 iam
1426 578 1597 641 flammeus
1621 577 1693 640 axis

790 680 922 746 tolleret
945 688 978 746 et
1001 682 1135 746 scissam
1158 683 1310 767 linquens
1334 703 1391 767 pro
1416 701 1550 746 munere
1573 681 1695 766 pellem

789 783 938 869 hispidus
961 784 1114 850 ardentes
1138 786 1253 870 auriga
1277 786 1415 849 intraret
1438 785 1600 860 habenas;

746 901 757 936 ὀ
789 888 909 973 quique
934 890 1033 953 etiam
1057 889 1188 954 Heliam
1213 890 1309 954 terris
1332 891 1471 954 missure
1495 889 1674 954 secundum

789 991 970 1058 Zachariae
993 993 1070 1058 iusti
1094 993 1238 1078 linguam
1262 993 1392 1080 placate
1415 994 1535 1079 ligasti,

789 1096 864 1182 dum
888 1096 1013 1162 laceret
1036 1119 1144 1161 serum
1169 1119 1288 1182 rugosa
1311 1119 1475 1184 puerpera
1498 1103 1633 1183 patrem,

790 1200 879 1264 edita
902 1201 1090 1285 significans
1114 1203 1203 1267 iusso
1228 1204 1366 1267 reticere
1391 1201 1561 1288 propheta,

789 1305 895 1389 gratia
918 1326 991 1370 cum
1015 1306 1117 1382 fulsit,
1142 1313 1255 1384 nosset
1279 1329 1314 1372 se
1338 1314 1373 1371 ut
1396 1308 1451 1372 lex
1475 1307 1665 1379 tacituram;

790 1408 911 1493 quique
935 1409 1033 1472 etiam
1058 1430 1197 1474 nascens
1222 1431 1263 1474 ex
1288 1410 1415 1495 virgine
1440 1410 1565 1474 semine
1590 1409 1690 1488 nullo,

790 1517 865 1576 ante
887 1512 991 1575 ullum
1015 1520 1143 1601 tempus
1166 1513 1247 1578 deus
1270 1519 1368 1599 atque
1392 1513 1424 1578 in
1449 1519 1596 1599 tempore
1622 1511 1783 1588 Christus,

790 1615 831 1680 ad
854 1636 970 1702 eorpus
994 1623 1150 1700 quantum
1176 1623 1313 1702 spectat,
1338 1622 1372 1680 tu
1395 1624 1427 1682 te
1451 1617 1522 1703 ipae
1546 1618 1681 1687 creasti;

790 1719 845 1803 qui
870 1719 975 1783 visum
998 1721 1116 1802 caeeis,
1140 1741 1288 1804 gressum
1312 1741 1441 1805 quoque
1465 1719 1602 1785 reddere
1627 1719 1763 1796 claudis,

791 1821 937 1886 auditum
962 1822 1077 1904 surdis,
1102 1824 1199 1886 mutis
1222 1823 1337 1886 laxare
1361 1823 1524 1908 loquelam

747 1962 751 1974 ·
792 1932 904 1990 suetus
928 1926 968 1990 ad
992 1926 1054 1990 hoo
1078 1927 1177 1991 etiam
1203 1926 1329 2004 venisti,
1355 1932 1390 1990 ut
1412 1932 1541 1991 mortua
1563 1926 1711 1990 mambra

792 2030 887 2110 lecto,
911 2030 1091 2116 sandapila,
1115 2031 1239 2094 tumulo
1264 2051 1463 2116 consurgere
1485 2031 1628 2116 possint;

790 2135 908 2218 quique
933 2134 1031 2200 etiam
1055 2156 1178 2220 poenas
1203 2142 1360 2224 suscepta
1382 2135 1415 2198 in
1439 2155 1537 2199 carne
1561 2134 1677 2214 tulisti,

791 2244 979 2302 sustentans
1002 2240 1125 2326 alapas,
1148 2239 1301 2318 ludibria,
1325 2239 1475 2318 verbera,
1499 2259 1629 2324 vepres,

792 2349 922 2422 sortem,
945 2343 1063 2424 vincla,
1087 2363 1229 2421 crucem,
1254 2342 1375 2422 clavos,
1400 2343 1456 2424 iel,
1480 2343 1617 2423 missile,
1641 2349 1782 2416 acetum,
1821 2335 1822 2338 '

735 2483 739 2496 ·
791 2451 957 2532 postremo
980 2453 1128 2524 mortem,
1153 2446 1211 2510 scd
1236 2454 1454 2520 surrecturus,
1478 2446 1586 2520 adisti,

792 2551 934 2637 cripiens
957 2551 1112 2636 quicquid
1135 2552 1254 2616 veteris
1277 2551 1476 2636 migraverat
1500 2552 1603 2616 hostis

791 2656 824 2719 in
846 2655 896 2718 ius
920 2676 979 2739 por
1001 2661 1148 2719 nostrum
1172 2655 1311 2736 lacinus,
1336 2677 1409 2720 cum
1432 2656 1555 2720 lamina
1578 2656 1683 2742 prima

791 2765 1003 2844 praeceptum
1026 2760 1158 2823 solvens
1183 2759 1279 2844 culpa
1302 2780 1361 2823 nos
1384 2767 1521 2846 perpete
1544 2760 1666 2832 vinxit3

791 2861 861 2948 (qui
885 2883 958 2926 oum
981 2868 1013 2927 te
1037 2862 1171 2926 interitu
1195 2864 1289 2948 potiit
1311 2885 1372 2928 neo
1396 2864 1541 2952 repperit
1564 2863 1598 2926 in
1622 2869 1654 2928 tc

734 3004 753 3017 ==
791 2966 877 3051 quod
901 2972 1013 3054 posset
1035 2967 1201 3052 proprium
1226 2967 1433 3047 convincere,
1458 2966 1601 3054 perdidit
1623 2987 1730 3046 omno,

790 3069 877 3157 quod
900 3072 993 3157 lapsu
1017 3071 1109 3136 dedit
1132 3071 1203 3136 Eva
1227 3093 1302 3146 suo;
1328 3071 1571 3158 chirographon
1594 3071 1695 3152 illum,

791 3195 854 3261 quo
877 3196 1033 3260 pervasus
1057 3176 1155 3240 homo
1179 3182 1240 3255 est,
1263 3175 1346 3240 haec
1370 3176 1595 3261 compensatio
1619 3178 1716 3263 rupit.

791 3300 911 3364 expers
933 3281 1061 3366 peccati
1084 3302 1143 3367 pro
1167 3280 1396 3367 peccatoribus
1420 3280 1564 3365 amplum

791 3384 829 3447 lis
853 3385 992 3472 pretium
1017 3394 1229 3470 veteremque
1253 3406 1356 3449 novus
1379 3385 1450 3448 vioe
1473 3384 1618 3449 faenoris
1643 3383 1748 3449 Adam

791 3487 867 3553 dum
890 3489 1027 3554 moreris
1051 3489 1092 3554 de
1115 3497 1218 3555 morte
1244 3489 1344 3576 rapis.
1391 3489 1438 3553 sio
1463 3494 1592 3552 mortua
1615 3510 1700 3554 mors
1725 3497 1786 3566 est,

790 3594 836 3658 sic
860 3615 934 3658 sese
957 3593 1095 3672 insidiis,
1119 3615 1200 3679 quas
1223 3594 1358 3672 lacerat,
1383 3593 1456 3678 ipsa
1478 3591 1606 3658 fefellit.

789 3719 864 3762 nam
887 3697 964 3761 dum
988 3697 1161 3762 indiscrete
1186 3699 1268 3784 petit
1291 3697 1522 3781 insontemque
1546 3716 1697 3782 reosque,

790 3802 868 3887 egit,
890 3807 927 3867 ut
949 3801 1073 3866 absolvi
1097 3807 1233 3887 possent
1255 3808 1288 3866 et
1313 3800 1446 3864 crimine
1471 3798 1582 3882 nexi);

789 3906 908 3991 quique
933 3905 1030 3970 etiam
1054 3905 1159 3969 iustos
1183 3904 1223 3969 ad
1247 3911 1376 3991 tempus
1401 3924 1537 3989 surgere
1560 3909 1669 3968 tecum

740 4026 745 4036 ·
790 4009 914 4075 iussisti
938 4010 1077 4088 cineres,
1102 4029 1175 4072 oum
1198 4009 1294 4072 tectis
1317 4013 1467 4094 tempore
1491 4007 1588 4091 longo

789 4113 906 4199 irrupit
928 4112 1050 4178 festina
1073 4112 1162 4177 salus
1186 4111 1358 4196 infusaque
1382 4110 1501 4196 raptim

790 4217 937 4282 excussit
958 4216 1091 4281 tumulis
1115 4215 1273 4280 solidatas
1297 4215 1365 4279 vita
1387 4214 1526 4290 favillas,
1555 4252 1592 4260 —

789 4319 831 4383 da
853 4318 1010 4384 Faustum
1033 4318 1168 4383 laudare
1193 4325 1294 4396 tuum,
1320 4319 1362 4383 da
1385 4319 1515 4383 solvere
1534 4323 1657 4402 grates,

789 4443 870 4508 quas
894 4429 927 4489 et
949 4429 1023 4510 post
1045 4423 1167 4488 debere
1190 4422 1290 4487 iuvat.
1338 4429 1381 4500 te,
1406 4442 1525 4506 magno
1549 4421 1713 4500 sacerdos,

789 4526 936 4591 barbitus
959 4526 1011 4591 hic
1034 4533 1147 4592 noster
1169 4527 1294 4613 plectro
1319 4527 1396 4590 licet
1421 4526 1546 4611 impare
1570 4531 1691 4589 cantat.

836 4629 931 4695 Haeo
959 4630 1058 4716 igitur
1085 4631 1189 4717 prima
1213 4636 1265 4695 est
1288 4630 1341 4695 vel
1366 4650 1467 4694 causa
1493 4629 1545 4692 vol
1569 4628 1654 4692 actio
1678 4627 1823 4706 laudum,

789 4732 876 4820 quod
898 4733 977 4798 mihi
1000 4735 1158 4819 germani,
1181 4735 1258 4799 dum
1282 4732 1409 4797 lubrica
1431 4732 1574 4796 volvitur
1596 4739 1699 4811 aetas,

789 4845 938 4904 servatus
961 4845 1070 4904 tecum
1094 4840 1217 4904 domini
1240 4860 1300 4926 per
1323 4837 1410 4902 dona
1432 4836 1590 4922 probatur

788 4964 849 5008 nee
872 4943 960 5007 lama
982 4943 1144 5008 titubante
1169 4942 1291 5028 pudor:
1315 4950 1348 5007 te
1371 4941 1508 5027 respicit
1531 4939 1619 5004 istud

734 5062 758 5100 ⁷⁵
789 5055 1086 5132 quantumcumque
1110 5048 1247 5122 bonum;
1272 5067 1398 5110 merces
1423 5043 1598 5109 debebitur
1621 5044 1678 5124 illi,

521 5345 556 5398 3⁶2
579 5337 696 5399 tesbitam
715 5344 741 5394 P
876 5342 911 5396 33
936 5344 1028 5395 cissam
1048 5344 1070 5393 U
1170 5342 1263 5409 pallam
1287 5342 1451 5392 Witcmorcita
1592 5339 1625 5389 36
1654 5340 1782 5390 assarios
1806 5337 1831 5388 T
1930 5335 2079 5404 liguastiP

418 5435 451 5487 37
470 5451 569 5500 rugosa
586 5434 618 5498 P,
640 5449 735 5500 rugora
753 5432 781 5483 F
880 5429 915 5482 38
933 5430 1010 5482 misso
1028 5429 1057 5480 F
1157 5428 1190 5480 41
1209 5426 1277 5493 anto]
1295 5437 1372 5494 atque
1386 5427 1414 5478 F
1514 5425 1548 5477 45
1566 5427 1642 5477 etism
1661 5425 1747 5476 emt}
1848 5421 1882 5474 46
1900 5442 1936 5473 arr
1954 5423 2078 5490 possenti

417 5520 452 5572 50
470 5529 660 5578 resurrecturus
673 5519 698 5570 P
800 5516 834 5569 54
851 5519 957 5570 introitu
970 5517 996 5568 P
1057 5517 1187 5583 reperilO
1287 5514 1321 5568 bb
1338 5514 1546 5582 cyrogaphon'l'
1646 5511 1679 5564 57
1698 5511 1832 5579 rrnnpitP
1930 5509 1965 5560 60
1982 5509 2078 5560 curat}

417 5609 533 5660 moriaris
555 5607 581 5656 P
682 5603 729 5671 sio]
756 5608 805 5658 sub
826 5607 849 5658 0
922 5641 923 5644 =
983 5603 1016 5655 til
1045 5603 1090 5654 illa
1116 5601 1139 5653 Τ
1280 5599 1314 5654 65
1340 5602 1423 5654 lusisti
1446 5601 1472 5652 P
1573 5601 1670 5666 longuo
1694 5597 1748 5648 PT
1885 5595 1920 5648 66
1944 5597 2030 5663 erupit
2052 5594 2081 5645 F

419 5692 498 5759 salus]
518 5701 619 5762 tempus
642 5693 681 5743 ‘ps
