4560 6434
444 373 506 468 aar
1055 391 1472 458 uonrcnsrrsromaun

360 574 393 646 G
445 575 487 640 ad
510 575 729 642 sacerdotium
750 596 856 664 usque
886 575 1056 664 perduxit,
1086 575 1138 642 cui
1167 576 1306 643 fortasse
1330 577 1429 642 etiarn
1450 575 1543 640 iuxta
1564 573 1706 640 divinam
1728 571 1984 641 misericordiam
2006 573 2095 642 lucis

391 681 412 740 4
443 678 538 744 istius
562 680 701 746 debetur
722 701 832 747 usura.
875 680 932 745 sed
955 681 1037 746 haec
1060 699 1120 765 ego
1144 679 1339 746 beatitudini
1360 687 1437 746 tuae
1454 679 1572 762 scribo,
1595 700 1660 745 non
1675 679 1770 765 quasi
1786 679 1909 766 aliquid
1924 679 2093 768 imputans

444 789 500 847 aut
528 783 746 870 exprobrans,
778 783 836 848 sed
864 790 901 848 ut
930 783 996 849 filio
1026 785 1210 866 carissimo,
1243 806 1339 872 quem
1368 785 1439 850 sine
1468 782 1534 849 ullo
1566 804 1668 848 naevo
1699 783 1794 870 cupio
1825 783 1858 848 in
1883 783 1944 849 hoc
1967 783 2094 850 mundo

441 885 619 973 impietatis
650 886 802 953 incedere
833 894 866 952 et
893 909 1009 975 purum
1037 895 1136 976 atque
1165 889 1407 953 immaculatum
1439 885 1473 951 in
1505 886 1561 950 illo
1596 886 1649 952 die
1684 885 1794 953 iudicii
1825 908 1935 952 coram
1963 888 2028 954 deo
2059 894 2095 952 et

389 991 409 1050 5
441 991 568 1075 angelis
591 991 661 1056 cius
683 1012 723 1055 ae
747 995 1002 1078 congregatione
1026 995 1133 1059 carnis
1156 995 1257 1059 totius
1273 1013 1444 1081 apparere.
1483 991 1589 1056 saluto
1603 990 1715 1076 itaque
1731 991 1980 1056 unanimitatem
1998 997 2093 1057 tuam
2137 1007 2150 1044 ⁵

441 1099 475 1158 et
501 1115 594 1179 rogo,
623 1103 659 1160 ut
681 1116 740 1182 pro
762 1117 814 1160 me
837 1117 931 1162 orare
955 1096 1099 1183 digneris
1123 1099 1301 1183 simulque,
1326 1117 1400 1161 cum
1423 1102 1640 1182 opportunum
1664 1095 1760 1161 vobis
1783 1095 1897 1177 iueril,
1920 1117 1980 1161 nos
2004 1097 2093 1162 tanti

441 1196 592 1264 habeatis
615 1199 758 1264 visitare.
803 1201 888 1267 vale.

1199 1476 1326 1544 XXIX.

849 1629 1064 1696 RURIGIUS
1087 1629 1315 1696 EUFRASIO
1339 1629 1425 1697 SUO
1450 1629 1672 1697 SALUTEM.

391 1773 405 1830 ¹
542 1748 681 1858 Minoa,
704 1780 911 1845 sanctitatem
932 1785 1075 1846 vestram
1098 1787 1173 1866 post
1195 1786 1361 1846 tantorum
1384 1787 1419 1846 et
1437 1780 1552 1845 talium
1569 1779 1711 1844 virorum
1728 1778 1849 1844 iudicia
1864 1780 1972 1866 potius
1989 1804 2089 1868 qnam
2119 1800 2146 1838 1⁰

440 1884 600 1970 rescripta
622 1885 721 1949 etiam
744 1885 894 1950 inscitiae
918 1905 1011 1950 meae
1035 1885 1201 1970 quaesisse
1225 1886 1431 1966 sententiam,
1455 1883 1542 1970 quod
1557 1905 1615 1949 voe
1639 1882 1744 1967 magis
1768 1905 1825 1970 pro
1843 1887 2088 1953 necessitudine

439 2008 535 2072 quam
559 1987 756 2053 necessitate
780 1988 899 2054 iecisse
924 1989 1065 2069 conicio,
1095 2009 1137 2053 ne
1161 1988 1253 2053 cuius
1277 1989 1358 2054 tanti
1381 1988 1510 2053 habetis
1525 1988 1745 2075 praecipuum
1767 1989 1800 2052 in
1832 1989 1939 2054 animo
1970 1995 2087 2057 tenere

388 2093 408 2154 2
440 2092 572 2174 cultum,
595 2092 787 2158 videremini
808 2093 842 2157 in
865 2093 997 2177 negotio
1020 2093 1279 2179 praetermisisse
1302 2113 1508 2158 consensum.
1552 2091 1639 2156 unde
1662 2091 1786 2176 gratias
1811 2113 1873 2178 ago
1896 2093 2087 2161 individuae

438 2195 518 2259 mihi
551 2197 585 2260 in
618 2194 749 2261 Christo
788 2197 997 2281 germanitati
1031 2203 1176 2278 vestrae,
1217 2195 1303 2281 quod
1337 2197 1383 2261 ita
1419 2195 1459 2262 dc
1495 2195 1589 2260 nobis
1622 2216 1833 2281 praesumere
1868 2203 1901 2262 ct
1938 2196 2086 2264 iudIcare

438 2297 631 2384 dignamini,
661 2307 698 2365 ut
725 2301 806 2365 nibil
834 2299 1014 2366 habeamus
1041 2307 1098 2366 aut
1128 2300 1162 2364 in
1191 2301 1335 2365 caritatis
1365 2301 1573 2387 simplicitate
1603 2298 1775 2365 subdolum
1797 2302 1909 2367 autin
1932 2301 2085 2368 veritatis
2116 2319 2141 2356 ¹⁵

386 2404 405 2466 3
437 2405 578 2489 puritate
601 2405 757 2472 fucatum.
801 2404 902 2470 reddo
931 2406 1041 2490 itaque
1071 2402 1217 2470 debitum
1245 2405 1468 2469 unanimitatis
1500 2404 1641 2469 officium
1664 2410 1698 2467 et
1727 2403 1767 2470 de
1790 2425 1890 2469 causa
1919 2427 1982 2491 qua
2004 2406 2085 2471 mihi

438 2508 579 2573 scribere
609 2508 733 2595 dignati
761 2509 841 2574 estis
868 2508 957 2574 idern
985 2530 1038 2574 me
1068 2508 1155 2595 quod
1182 2514 1217 2574 et
1246 2507 1362 2573 iratres
1394 2515 1523 2574 nostroe
1554 2509 1675 2573 sentire
1705 2509 1863 2593 significo.
1913 2508 1971 2574 sed
2005 2511 2085 2594 quid

434 2612 521 2676 facto
545 2634 625 2698 opus
650 2614 692 2677 sit
715 2613 766 2676 vel
791 2613 868 2698 quid
891 2613 970 2676 mihi
992 2612 1197 2699 potissimum
1220 2613 1291 2676 fieri
1321 2611 1443 2677 debere
1467 2613 1625 2691 videatur,
1657 2634 1716 2699 per
1745 2611 1915 2677 diaconem
1938 2621 2083 2679 vestrum

434 2718 534 2782 verbo
556 2717 698 2782 fideliter
720 2717 877 2799 intimavi,
901 2738 985 2803 quae
1008 2718 1142 2802 longum
1166 2717 1227 2781 tuit
1250 2717 1368 2781 litteris
1392 2715 1537 2782 indicari.
1583 2737 1639 2780 ora
1661 2739 1719 2803 pro
1742 2739 1806 2784 me.

1202 3083 1312 3154 XXX.

805 3237 1023 3304 RURIOIUS
1047 3237 1345 3306 HERAOLIANO
1369 3237 1455 3304 SUO
1481 3235 1702 3304 SALUTEM.

383 3382 395 3441 ¹
538 3354 613 3465 Qu
643 3409 678 3452 se
711 3407 801 3451 reum
830 3385 871 3452 de
900 3386 1007 3453 cilicio
1038 3409 1111 3454 esse
1141 3389 1325 3475 cognoscit,
1362 3387 1452 3474 prius
1481 3385 1665 3473 supplicare
1698 3383 1798 3449 debet
1831 3403 1929 3470 quarn
1959 3383 2081 3450 audeat

432 3490 586 3573 salutare,
609 3491 686 3576 quia
708 3490 793 3555 sicut
816 3491 1001 3578 importune
1024 3492 1202 3557 occurritur
1225 3492 1410 3579 imputanti,
1432 3491 1480 3556 ita
1502 3495 1685 3577 opportune
1709 3487 1885 3552 remittitur
1901 3489 2080 3556 confitenti.

379 3596 399 3657 2
431 3601 464 3659 et
487 3594 560 3660 ideo
583 3617 643 3660 uos
667 3601 812 3660 nostram
835 3594 869 3660 in
893 3596 999 3683 palam
1022 3597 1231 3684 producimus
1254 3617 1391 3677 noxam,
1421 3602 1457 3660 ut
1487 3593 1616 3678 facilius
1644 3591 1816 3679 pervenire
1845 3592 2008 3676 possimus
2036 3591 2080 3657 ad

429 3699 569 3783 veniam,
592 3699 669 3784 quia
691 3720 756 3763 non
778 3699 972 3785 relinquitur
993 3700 1083 3766 locus
1099 3701 1282 3789 imputanti,
1307 3721 1381 3764 curn
1397 3698 1504 3764 aditus
1520 3697 1663 3784 patuerit
1679 3696 1874 3782 deploranti,
1899 3695 2079 3760 secundum
2107 3711 2133 3750 2⁵

429 3802 519 3867 illam
549 3803 763 3868 seutentiam:
796 3803 847 3868 dic
874 3809 909 3866 tu
932 3804 1021 3890 prior
1041 3805 1232 3892 iniquitates
1255 3811 1347 3886 tuas,
1374 3810 1411 3868 ut
1433 3802 1630 3867 iustificeris.
1676 3820 1741 3865 non
1764 3799 1851 3863 enim
1874 3799 2079 3885 praevalebit

430 3907 613 3970 accusantis
636 3906 771 3988 invidia,
794 3906 850 3971 ubi
872 3906 1039 3974 humilitas
1063 3909 1279 3996 praecesserit
1306 3908 1531 3994 supplicantis.
1581 3927 1676 3992 quam
1706 3905 1748 3970 ob
1772 3925 1841 3969 rem
1862 3924 1937 3984 nos,
1962 3903 1990 3968 si
2011 3905 2077 3968 iam

378 4010 397 4071 3
430 4009 618 4073 excusando
652 4009 807 4074 diluimus
842 4011 987 4097 culpam,
1022 4013 1190 4077 veniamus
1224 4011 1265 4076 ad
1300 4032 1444 4077 causam.
1496 4011 1635 4076 salutem
1669 4030 1747 4094 ergo
1781 4013 1906 4072 tantam
1940 4006 2077 4072 dicimus

429 4111 543 4196 pietati
572 4118 721 4194 vestrae,
756 4119 909 4198 quantam
941 4120 1052 4200 potest
1086 4113 1223 4181 affectus
1256 4116 1448 4202 intellegere
1482 4121 1516 4182 et
1546 4136 1610 4180 non
1638 4118 1749 4201 potest
1777 4132 1884 4176 sermo
1919 4112 2075 4198 prolerre,

429 4221 582 4298 quantam
617 4217 737 4281 sentire
775 4238 948 4302 possumus
988 4226 1022 4285 et
1059 4240 1123 4284 non
1164 4220 1312 4285 valemus
1351 4240 1532 4305 exponere,
1574 4225 1728 4304 quantam
1767 4218 1877 4302 potest
1909 4215 2075 4279 interioris
2104 4230 2130 4269 ω

376 4320 396 4379 4
429 4338 520 4382 mens
551 4317 715 4384 desideri0
744 4320 904 4386 calefacta
934 4322 1104 4408 concipere
1132 4329 1167 4388 et
1192 4343 1257 4388 non
1286 4329 1397 4409 potest
1429 4323 1542 4408 lingua
1574 4320 1746 4387 exterioris
1781 4335 1939 4382 asserere.
1988 4317 2076 4382 unde

428 4421 550 4507 gratias
574 4436 711 4508 agentes
734 4423 836 4510 ipsius
859 4426 1004 4490 caritatis
1027 4427 1166 4506 auctori,
1195 4427 1250 4512 qui
1278 4445 1351 4491 eam
1379 4427 1412 4491 in
1440 4425 1594 4492 cordibus
1622 4423 1741 4489 nostris
1773 4427 1825 4486 est
1847 4421 1999 4506 dignatus
2022 4423 2074 4486 in-

428 4547 555 4608 serere,
584 4547 728 4609 oremus,
760 4534 795 4592 ut
825 4529 1037 4616 praecipuum
1067 4550 1145 4595 suae
1172 4530 1343 4616 largitatis'
1362 4552 1480 4596 munus
1510 4531 1544 4595 in
1571 4529 1663 4594 nobis
1691 4524 1855 4591 custodire
1884 4546 2014 4612 semper
2040 4533 2076 4591 et

426 4629 545 4716 iugiter
568 4630 719 4718 dignetur
749 4652 884 4719 augere,
912 4635 988 4719 quia
1014 4636 1106 4699 iuxta
1134 4635 1317 4721 apostolum
1339 4635 1479 4701 Paulum
1508 4633 1581 4721 ipsa
1609 4639 1660 4698 est
1687 4629 1882 4696 eminentior
1910 4629 1963 4693 via
1989 4650 2073 4714 quae

375 4739 394 4798 5
427 4735 516 4800 ducit
545 4733 587 4800 ad
614 4735 723 4802 vitam.
773 4735 859 4822 quod
887 4745 1052 4826 superest,
1086 4739 1272 4826 specialiter
1300 4759 1439 4827 quaeso,
1474 4745 1511 4803 ut
1537 4735 1700 4803 communi
1728 4739 1864 4821 patrono
1891 4753 1949 4819 pro
1978 4732 2074 4797 nobis
2102 4748 2127 4787 ³⁵

427 4841 546 4906 cotidie
577 4841 780 4927 supplicetis,
810 4841 899 4928 quia,
933 4843 1018 4908 sicut
1050 4843 1174 4928 legitis,
1208 4843 1371 4909 multum
1398 4843 1506 4908 valet
1536 4839 1662 4905 oratio
1692 4837 1799 4903 iusti
1830 4835 1990 4901 assidua
2025 4841 2072 4917 et,

426 4945 602 5031 sicutipse
625 4943 776 5011 dominus
798 4953 912 5014 noster
933 4948 966 5012 in
989 4948 1157 5034 evangelio
1180 4945 1260 5012 dicit
1281 4945 1323 5014 de
1346 4947 1403 5012 illo
1426 4947 1482 5035 qui
1504 4952 1571 5012 tres
1594 4966 1697 5033 panes
1713 4943 1754 5008 ab
1772 4941 1875 5006 amico
1891 4960 1949 5005 suo
1965 4941 2072 5004 noctis

527 5222 562 5276 26
580 5219 625 5277 Es.
643 5221 740 5289 XLIII,
757 5223 800 5278 25.
818 5223 860 5278 26.
947 5221 981 5277 34
1000 5221 1094 5280 LCor.
1113 5223 1174 5291 XII,
1191 5224 1234 5280 30.
1320 5225 1354 5279 36
1372 5221 1464 5278 Iacob
1477 5219 1511 5288 V,
1530 5221 1571 5276 16.
1655 5219 1688 5274 at
1707 5218 1773 5274 Luo.
1791 5215 1838 5283 xl,
1856 5219 1881 5272 b.

526 5379 544 5432 2
561 5397 622 5449 argo
643 5383 666 5432 d
777 5381 794 5433 3
811 5381 893 5448 tilios,
914 5397 968 5433 raa.
986 5398 999 5434 s
1019 5382 1043 5433 G
1154 5380 1303 5435 diucidero
1323 5383 1346 5434 G
1457 5377 1482 5432 5.
1500 5379 1524 5433 6.
1543 5378 1558 5431 'l
1576 5380 1660 5432 seluto
1679 5406 1711 5414 —
1729 5395 1775 5446 pro
1793 5405 1826 5414 -
1845 5382 2015 5444 opportunum
2034 5401 2068 5412 -

424 5465 494 5533 uate]
512 5469 582 5519 eluto
599 5478 621 5520 ct
638 5487 667 5521 ro
685 5478 708 5522 et
725 5487 769 5521 um
780 5477 803 5521 ct
814 5470 847 5534 le,
865 5470 956 5521 clscrtc
968 5471 1050 5535 laceo,
1061 5471 1235 5537 perierante
1331 5467 1364 5520 10
1380 5469 1515 5521 sanitatem
1530 5467 1553 5518 G
1604 5467 1684 5518 alium
1700 5465 1722 5516 0
1819 5461 1849 5514 ii
1869 5459 2066 5528 necessitudine]

427 5553 552 5616 Calllllflb
570 5557 718 5607 ”messium
733 5555 764 5620 G,
782 5557 816 5622 cs.
834 5556 910 5623 infra
923 5557 964 5622 ΙΙ,
975 5561 1012 5609 47
1121 5557 1154 5609 13
1172 5557 1347 5626 praetermissa
1367 5557 1390 5607 G
1494 5553 1526 5606 16
1544 5557 1661 5620 iugatum
1677 5551 1699 5602 G
1804 5548 1837 5601 19
1854 5550 1934 5615 longu
1950 5549 2027 5614 periit
2040 5549 2072 5612 G,

424 5639 459 5704 cs.
477 5639 552 5706 iosra
567 5658 594 5707 p.
612 5644 668 5705 335,
685 5643 703 5693 l.
716 5646 734 5694 3
829 5642 861 5694 21
880 5643 1000 5712 ruricius]
1020 5663 1064 5697 rur
1080 5647 1195 5712 periitG
1246 5645 1374 5698 eracliano
1389 5643 1413 5694 0
1505 5639 1539 5692 22
1557 5637 1612 5707 qui]
1631 5657 1648 5706 q
1661 5637 1777 5705 periitG
1869 5633 1904 5685 25
1921 5631 2070 5702 imputanti]

423 5726 525 5794 scripsi,
548 5727 742 5793 inpuucionio
811 5730 916 5782 aditur?
930 5731 969 5781 θ’
1090 5731 1125 5785 30
1141 5733 1305 5799 quantumG
1373 5730 1506 5782 interiores
1526 5727 1549 5778 0
