4642 6488
858 357 965 411 erasa
985 358 1019 420 u,
1040 359 1274 425 ress-rasa
1863 367 1903 428 37

236 531 500 610 subsecutorum,
536 532 625 596 solus
661 533 722 596 iste
756 531 930 618 peculiaris
962 538 1037 594 tuus
1064 531 1228 595 Maximus
1256 531 1398 594 maximo
1427 533 1520 598 nobis
1549 532 1742 600 documento
1774 536 1895 621 poterit

237 656 320 716 esse,
344 635 398 719 qui
414 654 611 718 quamquam
634 635 666 698 in
684 655 792 699 arcem
816 635 1069 720 praefectoriam
1092 635 1262 720 patriciam
1286 635 1556 720 consularemque
1581 637 1760 724 intrepidus
1780 659 1895 703 ascen-

237 739 331 803 derat
354 758 474 822 eosque
499 758 580 823 quos
603 745 751 824 gesserat
775 738 984 823 magistratus
1008 759 1067 802 ceu
1091 736 1331 802 recurrentibus
1363 738 1476 803 orbitis
1499 739 1687 827 inexpletus
1710 742 1896 821 iteraverat,

238 863 311 906 eum
334 847 446 905 tamen
468 841 559 905 venit
582 841 730 905 omuibus
754 840 876 906 viribus
900 840 940 904 ad
964 840 1151 926 principalis
1181 841 1282 926 apicis
1306 840 1498 927 abruptum,
1530 843 1700 929 quandam·
1724 843 1896 930 potestatis

200 976 210 1011 s
239 947 406 1010 inmensae
437 945 630 1030 vertiginem
665 944 723 1009 sub
761 965 882 1009 corona
913 942 1099 1030 patiebatur
1131 964 1193 1008 nec
1225 943 1409 1008 sustinebat
1439 945 1587 1010 dominus
1620 967 1705 1028 esse,
1744 948 1800 1033 qui
1832 968 1898 1012 uon

239 1049 439 1112 sustinuerat
473 1070 545 1112 esse
577 1047 636 1112 sub
672 1047 813 1139 domino.
874 1046 1014 1131 denique
1047 1047 1174 1131 require
1210 1048 1242 1111 in
1271 1047 1459 1134 supradicto
1490 1049 1578 1114 vitae
1610 1050 1727 1137 prioris
1756 1050 1897 1136 gratiam
1929 1055 1947 1114 4

236 1153 419 1239 potentiam
442 1153 689 1217 diuturnitatem
715 1173 798 1239 eque
822 1152 950 1216 diverso
974 1151 1177 1236 principatus
1205 1154 1304 1238 paulo
1335 1153 1475 1238 amplius
1499 1174 1596 1239 quarn
1622 1153 1810 1219 bimenstris
1832 1153 1897 1217 ori-

238 1258 348 1342 ginem
371 1256 535 1321 turbinem
558 1257 672 1320 finem:
705 1256 851 1341 profecto
883 1256 1030 1320 invonics
1061 1255 1226 1319 hominem
1255 1254 1438 1320 beatiorem
1461 1258 1550 1342 prius
1572 1257 1674 1322 fuisso
1697 1278 1795 1343 quam
1817 1256 1896 1322 bea-

238 1362 381 1425 tissimus
398 1361 628 1425 nominaretur.
668 1359 768 1444 igitur
783 1360 850 1438 ille,
867 1360 958 1423 cuius
976 1360 1120 1423 anterius
1138 1359 1256 1445 epulae
1273 1380 1389 1438 mores,
1415 1361 1574 1445 pecuniae
1592 1381 1743 1446 pompae,
1767 1361 1897 1426 litterae

187 1494 211 1531 ro
237 1465 355 1544 fasces,
371 1465 565 1550 patrimonia
581 1465 762 1549 patrocinia
778 1463 947 1542 florebant,
971 1464 1062 1528 cuius'
1080 1463 1152 1549 ipsa
1168 1465 1213 1527 sic
1229 1462 1369 1550 denique
1386 1465 1493 1550 spatia
1507 1465 1596 1529 vitae
1619 1465 1898 1546 custodiebantur,

239 1575 273 1632 ut
295 1589 355 1654 per
377 1569 527 1633 horarum
551 1568 709 1654 disposita
732 1567 922 1654 clepsydras
946 1569 1200 1653 explicarentur,
1225 1568 1251 1630 is
1276 1574 1481 1654 nuncupatus
1497 1567 1668 1654 Augustus
1692 1591 1730 1634 ac
1754 1569 1897 1634 subhac

238 1673 348 1756 specie
382 1672 540 1736 Palatinis
571 1670 734 1736 liminibus
766 1671 909 1736 inclusus
940 1676 1016 1734 aute
1054 1672 1281 1756 crepusculum
1312 1673 1482 1756 ingemuit,
1519 1673 1606 1757 quod
1636 1674 1678 1739 ad
1712 1679 1788 1738 vota
1822 1694 1897 1759 pcr-

239 1783 383 1841 veucrat.
429 1797 567 1862 cumque
590 1777 676 1840 mole
693 1797 843 1840 curarum
866 1776 1023 1862 pristinae
1041 1775 1158 1860 quietis
1175 1781 1288 1839 tencre
1305 1775 1488 1840 dimensum
1512 1776 1751 1861 prohiberetur,
1775 1777 1897 1842 veteris

239 1886 384 1943 actutum
407 1880 542 1965 regulae
572 1879 700 1964 legibus
730 1880 928 1943 renuntiavit
959 1885 1056 1964 atquc
1090 1878 1260 1964 perspexit
1289 1880 1411 1964 pariter
1441 1880 1487 1943 irc
1515 1900 1580 1943 uon
1608 1901 1707 1966 posse
1730 1881 1898 1966 negotium

188 2011 212 2050 rs
239 1984 394 2069 principis
419 1990 451 2046 ct
475 1984 577 2048 otium
601 1985 773 2048 senatoris.
819 2005 880 2048 nec
903 1983 1093 2048 fefellerunt
1116 1983 1225 2046 futura
1248 1989 1468 2058 maerentem
1499 2003 1640 2068 namque
1669 2005 1742 2048 eum
1772 1989 1899 2049 ceteros

239 2086 362 2150 aulicos
392 2086 533 2151 bonores
564 2087 830 2172 tranquillissime
862 2087 1092 2172 percurrisset,
1123 2087 1226 2172 ipsam
1256 2086 1364 2150 aulam
1393 2087 1673 2152 turbulentissime
1703 2088 1789 2152 rexit
1815 2087 1899 2150 inter

239 2192 397 2254 tumultus
414 2191 552 2254 militum
568 2193 776 2278 popularium
792 2191 1053 2260 foederatorum:
1076 2190 1163 2274 quod
1187 2197 1221 2254 et
1243 2191 1353 2255 exitus
1368 2190 1513 2276 prodidit
1528 2212 1629 2255 novus
1645 2190 1734 2255 ccler
1749 2188 1898 2270 acerbus,

239 2314 335 2378 quem
359 2296 543 2360 cruentavit
566 2295 729 2359 Fortunae
753 2295 809 2358 diu
833 2295 1052 2360 lenocinantis
1075 2294 1218 2380 perfidus
1235 2295 1320 2376 finis,
1344 2315 1427 2380 quae
1444 2295 1548 2360 virum
1568 2302 1605 2360 ut
1620 2295 1769 2381 scorpius
1786 2293 1900 2358 ultima

240 2399 294 2476 sui
314 2403 408 2484 parte
433 2401 602 2485 percussit.
648 2399 756 2463 dicere
788 2398 915 2464 solebat
944 2400 993 2464 vir
1019 2399 1181 2465 litteratus
1210 2406 1307 2484 atque
1331 2399 1372 2463 ob
1396 2401 1518 2485 ingenii
1541 2399 1659 2464 merita
1681 2395 1898 2483 quaestorius,

187 2527 212 2565 ro
238 2502 379 2587 partium
404 2509 494 2568 certe
517 2502 678 2567 bonarum
701 2524 778 2588 pars
802 2523 932 2587 magna,
956 2503 1150 2588 Fulgentius
1174 2525 1229 2568 ore
1253 2524 1288 2567 se
1309 2525 1350 2568 ex
1367 2505 1438 2569 eius
1454 2503 1645 2589 frequenter
1660 2501 1801 2582 audisse,
1826 2518 1900 2563 cum

237 2626 375 2690 perosus
405 2606 532 2692 pondus
561 2606 690 2692 imperii
714 2613 859 2670 veterem
891 2607 1101 2671 securitatem
1128 2607 1351 2672 desideraret:
1382 2608 1523 2672 ‘felicem
1546 2613 1592 2686 te,
1620 2605 1813 2684 Damocles,
1845 2603 1900 2687 qui

238 2729 302 2772 non
319 2730 384 2773 uno
401 2710 529 2795 longius
546 2709 685 2796 prandio
702 2710 794 2793 regni
811 2709 1042 2773 necessitatem
1059 2708 1261 2774 toleravisti'
1307 2710 1369 2775 iste
1387 2711 1486 2788 enim,
1501 2715 1537 2775 ut
1553 2711 1703 2795 legimus,
1719 2707 1896 2772 Damocles
1929 2707 1948 2766 e

238 2813 407 2898 provincia
430 2813 570 2894 Siculus,
593 2813 676 2877 urbe
701 2812 938 2897 Syracusanus,
960 2813 1132 2877 familiaris
1155 2819 1294 2898 tyranno
1318 2813 1474 2898 Dionysio
1497 2814 1568 2879 fuit.
1613 2812 1669 2896 qui
1693 2832 1766 2876 curn
1790 2809 1898 2873 nimiis

238 2916 388 2980 laudibus
420 2917 506 2981 bona
534 2917 663 3003 patroni
696 2923 732 2978 ut
767 2922 879 2980 cetera
907 2917 1031 2979 scilicet
1058 2917 1250 3002 inexpertus
1281 2918 1427 2982 offerret:
1461 2916 1541 2998 ‘vis',
1570 2916 1675 3001 inquit
1706 2913 1892 2999 Dionysius,

109 3103 110 3106 Ἴ
187 3046 212 3084 ss
239 3005 346 3084 ‘hodie
371 3020 479 3084 saltim
502 3021 534 3084 iu
558 3021 619 3084 hac
643 3041 756 3084 mensa
778 3019 870 3083 bouis
895 3020 976 3083 meis
1008 3020 1132 3106 pariter
1159 3041 1197 3084 ac
1226 3021 1320 3084 malis
1350 3019 1429 3085 utir’
1462 3019 1634 3100 ‘libenter',
1657 3019 1772 3104 inquit.
1821 3023 1898 3081 tuno

239 3123 294 3186 ille
318 3124 488 3188 confestim
513 3124 635 3188 laetum
659 3124 811 3188 clientem
836 3144 1032 3208 quamquam
1057 3130 1089 3188 ct
1113 3124 1284 3188 attonitum
1308 3124 1438 3210 plebeio
1461 3126 1605 3209 tegmine
1631 3127 1745 3208 erepto
1768 3120 1898 3185 muricis

239 3225 328 3311 Tyrii
362 3249 421 3292 seu
456 3227 624 3294 Tarentini
659 3227 863 3312 conchyliato
901 3226 985 3291 ditat
1018 3226 1133 3292 indutu
1170 3234 1203 3293 et
1235 3227 1440 3294 renidentem
1477 3229 1615 3314 gemmis
1648 3224 1899 3311 margaritisque

239 3351 337 3395 aureo
373 3332 458 3396 lecto
493 3333 699 3416 sericatoque
732 3331 906 3396 toreumati
946 3331 1092 3418 imponit.
1155 3353 1293 3418 cumque
1331 3354 1502 3418 pransuro,
1520 3328 1826 3416 Sardanapallicum
1863 3327 1896 3389 in
1932 3328 1950 3388 7

239 3454 361 3497 morem
384 3435 479 3520 panis
503 3435 636 3500 daretur
659 3457 676 3500 e
700 3436 862 3500 Leontina
884 3443 998 3521 segete
1022 3431 1204 3516 confectus,
1236 3437 1372 3522 insuper
1399 3436 1500 3522 dapes
1531 3435 1639 3500 cultae
1670 3432 1801 3498 ferculis
1830 3429 1899 3494 cul-

188 3561 213 3598 so
238 3536 373 3601 tioribus
404 3545 663 3626 apponerentur,
696 3546 886 3626 spumarent
916 3540 1056 3606 Falerno
1086 3563 1236 3627 gemmae
1268 3563 1407 3628 capaces
1436 3541 1535 3627 inqua
1564 3537 1724 3624 crystallis
1754 3537 1901 3601 calerent

240 3645 407 3725 unguenta
430 3642 635 3726 glacialibus,
659 3643 735 3707 hinc
760 3643 869 3708 suffita
893 3643 1043 3708 cinnamo
1066 3665 1105 3708 ac
1129 3649 1201 3709 ture
1226 3644 1355 3709 cenatio
1372 3647 1543 3729 spargeret
1559 3640 1751 3728 peregrinos
1768 3637 1900 3703 naribus

344 3866 358 3917 1
385 3875 531 3921 secutorum
550 3868 678 3934 MTFP,
703 3877 871 3938 sequutorum
899 3869 923 3920 L
1045 3871 1181 3938 peculiaris
1210 3881 1250 3923 est
1279 3867 1329 3936 (ost
1354 3869 1456 3921 inclusit
1483 3868 1538 3935 Μ’)
1567 3869 1614 3920 iste
1640 3875 1701 3920 tuus
1731 3863 1804 3933 (tuus
1831 3881 1851 3916 s.
1879 3864 1897 3916 l.

239 3987 300 4038 add.
319 3987 374 4054 W)
393 3989 423 4041 F
523 3993 596 4043 nobis
615 3993 767 4044 documento
791 4009 811 4043 s.
830 3993 847 4044 l.
866 3990 928 4043 aaa.
948 3991 977 4042 F
985 3989 995 4021 ¹
1084 4000 1143 4058 post
1170 3993 1245 4044 nobis
1272 3991 1318 4057 leq.
1343 3991 1375 4042 sd
1393 3991 1441 4098 isitp
1458 3991 1486 4041 ia
1504 3989 1541 4054 L,
1567 3990 1599 4041 ad
1621 3989 1671 4040 ists
1693 3985 1756 4038 add.
1774 4002 1795 4037 s.
1815 3984 1832 4036 l.
1852 3984 1900 4036 Μ’

214 4094 495 4192 *Unumque-corr.
519 4114 694 4180 laqueumque
716 4113 753 4163 0²
843 4069 973 4188 partilium
991 4111 1026 4162 M
1030 4112 1041 4142 ²
1162 4109 1349 4186 ΒιθιιιιιιΙι
1435 4110 1554 4178 expletus
1572 4079 1667 4160 F²T¹¹
1789 4104 1900 4170 ivirib3

159 4219 165 4232 ’
213 4221 214 4228 “
238 4227 274 4292 (b;
293 4229 320 4280 ia
336 4247 389 4281 ras.
409 4230 467 4294 W)
485 4230 518 4280 Μ
584 4233 617 4284 ad
630 4231 765 4298 LMUF'P,
782 4234 835 4286 sub
850 4225 877 4284 ‘0
919 4227 1117 4300 -prinsipslec
1184 4189 1308 4299 apieldffl
1380 4229 1554 4297 quantumst,
1572 4215 1666 4296 qudam
1680 4227 1735 4294 PF,
1752 4227 1863 4297 quddam
1877 4225 1903 4277 P

224 4311 256 4403 ,iv
274 4351 412 4404 immensas
430 4351 488 4403 ΜΡ
570 4354 719 4420 paciebatur
739 4354 762 4405 0
884 4350 901 4404 6
919 4370 950 4404 eu
971 4353 1130 4405 sustinuerat
1156 4352 1183 4402 iu
1199 4353 1257 4418 flos
1278 4367 1343 4403 verr.
1366 4359 1420 4402 erat
1441 4350 1504 4402 add
1525 4351 1561 4401 0²
1584 4355 1593 4368 ¹
1682 4347 1698 4400 l
1716 4349 1858 4417 potenciam
1879 4343 1902 4398 0

239 4470 268 4523 ln
286 4473 410 4525 asses
536 4445 684 4542 sparsos
702 4492 722 4526 s.
741 4475 758 4525 ι
777 4473 893 4527 ιιιιτ
984 4475 1064 4526 susas
1082 4474 1153 4541 psus
1177 4472 1202 4522 r
1327 4469 1404 4523 stus
1422 4487 1442 4522 ι.
1461 4471 1479 4523 ι.
1498 4469 1608 4522 asum
1740 4465 1775 4520 ro
1792 4471 1860 4520 rasas
1876 4466 1906 4518 r

241 4557 370 4659 „aas
403 4651 409 4658 ,
491 4592 521 4645 ιι
541 4595 685 4647 omnmo
757 4553 947 4662 mposra⁸r²‚
974 4596 1109 4663 repostas
1127 4592 1233 4646 ucrr
1308 4593 1447 4661 eisarna
1466 4591 1596 4644 nrorr
1717 4589 1749 4642 ιι
1766 4589 1900 4641 isarnus

241 4711 272 4780 (li
290 4731 357 4766 corr.
376 4731 407 4766 au
425 4716 453 4768 lu
463 4715 497 4767 Μ
500 4713 522 4780 ²)
539 4715 574 4765 Μ
675 4713 708 4768 14
726 4717 887 4769 renunciavit
902 4715 958 4766 ΜΟ
1023 4715 1194 4782 negociumO
1295 4711 1329 4766 15
1346 4713 1469 4769 ociumO
1535 4710 1682 4779 uanqusdf
1782 4708 1816 4761 16
1833 4717 1901 4762 tran·

241 4836 380 4901 quillisime
408 4835 432 4902 (a
450 4837 478 4888 in
497 4853 551 4888 ros.
571 4837 606 4887 Μ
608 4834 630 4903 ²)
650 4837 685 4887 Μ
819 4835 853 4889 18
878 4844 908 4889 ut
924 4837 1040 4904 scorpius
1058 4853 1078 4887 a.
1098 4836 1116 4888 l.
1135 4835 1197 4888 odd.
1216 4835 1252 4886 T’
1357 4836 1469 4903 scorpios
1491 4835 1515 4885 L
1654 4830 1687 4885 19
1714 4833 1755 4884 sui
1772 4830 1905 4883 ultimsO

239 4954 274 5008 20
291 4959 438 5025 fulgentius
458 4958 480 5010 0
563 4961 710 5025 frequenter
727 4955 864 5024 LrlfOFP,
882 4975 942 5026 sape
965 4957 990 5008 T
1120 4956 1153 5009 21
1171 4965 1270 5024 postte
1288 4957 1351 5009 aaa
1368 4957 1404 5010 ait
1426 4955 1464 5008 2¹²
1592 4952 1628 5007 22
1645 4954 1809 5008 necessitates
1826 4970 1894 5005 corr.

239 5095 270 5130 eor
298 5080 464 5132 necessitates
496 5078 534 5130 P¹
658 5081 778 5132 damodss
811 5080 938 5154 provintia
960 5078 990 5129 F
1128 5075 1163 5128 23
1190 5077 1353 5154 siracusanus
1375 5077 1505 5131 uturp
1611 5076 1719 5129 dionbio
1751 5076 1852 5128 tiranno
1885 5073 1909 5124 T

242 5201 343 5252 tiranno
362 5200 396 5250 Μ
462 5201 569 5254 dionisio
587 5198 622 5250 Μ
624 5198 718 5251 TOFP
787 5157 936 5252 uimiscorr.
955 5217 986 5252 cu
1004 5197 1064 5251 nim'
1083 5197 1129 5264 T¹‚
1147 5155 1222 5251 nimis
1240 5198 1282 5249 Μ’
1385 5195 1682 5250 senoniensium
1780 5191 1816 5246 25
1833 5193 1908 5245 hodie

242 5321 375 5388 dionysius
401 5321 425 5372 L
497 5323 571 5375 hodie
594 5339 614 5374 a.
637 5323 654 5373 t.
677 5321 741 5372 crld.
765 5320 802 5371 T¹
871 5337 902 5372 uc
925 5321 999 5372 malis
1022 5320 1117 5388 puriter
1135 5319 1164 5370 F
1230 5319 1319 5385 inquid
1340 5315 1374 5382 0,
1400 5319 1505 5384 inquam
1523 5317 1548 5368 L
1666 5313 1701 5367 26
1719 5311 1909 5382 quanqnamL

242 5444 352 5495 tormine
373 5442 397 5493 L
519 5441 552 5494 27
579 5443 630 5494 tirii
649 5442 704 5494 Mc
783 5441 930 5494 tarentinini
950 5439 978 5491 F
1044 5441 1196 5493 conchiliato
1215 5439 1296 5490 Meu
1373 5440 1525 5491 renitentem
1543 5437 1572 5489 F
1686 5433 1721 5487 28
1739 5432 1913 5488 tltorsmatiF

242 5563 276 5616 29
294 5541 475 5618 cultbribusF
586 5561 757 5615 turrianus
778 5561 856 5626 TFP,
873 5562 1010 5613 christallis
1028 5560 1059 5622 0,
1078 5560 1268 5628 chrystallisM
1381 5557 1414 5611 31
1434 5554 1632 5627 ungentaLTC
1717 5556 1865 5624 glatialibus
1883 5554 1912 5605 F

243 5686 295 5738 huc
314 5686 339 5737 11
408 5687 483 5736 thure
502 5685 535 5734 Μ
539 5685 632 5738 TOFP
1263 5673 1265 5678 ¹
