4560 6434
433 415 494 480 324
1044 410 1185 468 RURIGII
1201 410 1460 467 EPISTULARUM

347 588 381 660 G
434 586 516 651 fucis
539 586 731 652 multimoda
753 593 823 654 arte
847 586 1007 672 depingit,
1029 588 1075 651 ita
1090 607 1149 652 vos
1171 586 1312 651 animam
1328 592 1480 666 vestram,
1504 606 1588 672 quae
1611 590 1663 650 est
1678 586 1836 672 templum
1852 586 1916 667 dei,
1939 587 2078 654 diversis
2114 607 2115 610 ’

431 691 585 755 virtutum
614 691 791 776 generibus
820 692 993 771 excolatis,
1022 697 1058 755 ut
1081 711 1157 756 vera
1185 690 1226 754 de
1249 690 1388 775 spiritali
1411 689 1506 754 domo
1528 695 1638 754 vestra
1661 690 1850 776 spiritaliter
1872 690 1981 758 dicere
2004 715 2078 760 curn

430 795 591 880 propheta
610 795 759 881 possitis:
784 795 952 877 domine,
975 795 1102 860 dilexi
1126 795 1305 862 decorem
1327 793 1463 859 domus
1489 799 1581 860 tuae
1605 799 1646 859 et
1667 794 1792 860 locum
1816 796 2077 864 habitationis

400 897 580 983 agloriae
607 906 713 976 tuae;
745 901 820 985 quia
843 887 1022 965 secundum
1044 900 1148 987 ipsius
1170 899 1293 964 domini
1315 899 1417 962 nostri
1440 899 1635 964 sententiam
1664 919 1743 963 non
1770 901 1809 965 in
1839 902 2077 968 manufactis

428 1003 592 1089 templis
615 1003 772 1068 habitat
794 1003 893 1068 deus
909 1025 969 1068 nec
985 1005 1018 1068 in
1034 1003 1253 1070 tabernaculis
1268 1003 1330 1067 viri
1345 1003 1430 1069 hene
1445 1004 1600 1090 placitum
1616 1003 1656 1085 ei,
1680 1003 1740 1068 sed
1755 1005 2007 1092 beneplacitum
2025 1014 2075 1073 est

399 1106 459 1170 bei
483 1129 581 1193 super
603 1107 755 1173 timentes
784 1129 820 1173 se
851 1115 884 1174 et
913 1109 946 1172 in
975 1129 1014 1172 eo
1045 1109 1099 1194 qui
1130 1113 1240 1193 sperat
1269 1109 1303 1172 in
1332 1107 1596 1175 misericordiam.
1641 1115 1674 1173 et
1695 1108 1768 1194 ipsa
1791 1111 1911 1175 iterum
1934 1133 1992 1176 nos
2014 1133 2075 1198 per

426 1210 620 1296 prophetam
643 1211 762 1277 docere
786 1211 952 1298 dignatur:
984 1213 1133 1277 caelum
1160 1210 1254 1276 milri
1282 1212 1445 1277 thronus
1473 1218 1550 1290 est,
1580 1218 1687 1276 terra
1710 1219 1836 1278 autem
1859 1215 2074 1280 scabellum

427 1313 565 1398 pedum
605 1336 793 1380 meorum:
836 1336 946 1401 quam
985 1315 1083 1381 mihi
1122 1315 1254 1382 sedem
1292 1315 1572 1381 aedificabitis
1610 1323 1679 1380 aut
1717 1318 1807 1403 quis
1843 1320 1925 1383 erit
1957 1320 2074 1386 locus

427 1419 692 1502 requietionis
714 1427 845 1484 meae?
879 1441 1009 1486 nonne
1032 1420 1133 1485 haec
1157 1420 1282 1484 omnia
1305 1419 1409 1485 fecit
1431 1441 1568 1484 manus
1592 1427 1695 1485 mea?
1730 1430 1801 1487 aut
1823 1443 1942 1509 super
1964 1444 2074 1509 quem

425 1522 546 1586 alium
569 1524 782 1610 respiciam
805 1524 888 1588 nisi
911 1545 1031 1610 super
1052 1523 1239 1589 humilem
1268 1530 1306 1588 et
1335 1525 1506 1609 quietum
1534 1531 1571 1589 et
1598 1531 1835 1592 trementem
1866 1548 2074 1592 sermones

427 1633 555 1690 meos?
594 1628 713 1714 etipse
729 1628 761 1693 in
783 1628 954 1713 evangelio
978 1627 1128 1692 dominus
1153 1628 1286 1692 clamat:
1311 1629 1448 1693 venite
1472 1627 1614 1710 adme,
1638 1650 1770 1694 omues
1794 1631 1858 1716 qui
1881 1630 2073 1695 laboratis

397 1731 466 1793 bet
493 1731 653 1794 onerati
685 1731 801 1811 estis,
834 1738 873 1797 et
902 1753 973 1816 ego
996 1731 1180 1797 reficiam
1203 1753 1288 1813 vos,
1322 1733 1504 1817 etreliqua
1526 1753 1610 1817 quae
1633 1738 1821 1817 sequuntur.
1868 1740 1901 1799 et
1923 1734 2009 1814 ideo,
2041 1734 2074 1798 in

428 1831 558 1898 Christo
590 1834 720 1900 domino
749 1835 916 1900 carissima
947 1856 1038 1900 soror
1063 1857 1101 1900 ac
1130 1835 1214 1916 filia,
1243 1836 1400 1921 pristinae
1431 1836 1687 1901 conversationis
1715 1836 1892 1900 ambitione
1914 1837 2073 1924 deposita,

425 1937 642 2005 humilitatem
673 1938 774 2004 debes
811 1939 916 2004 cordis
953 1939 1104 2022 induere,
1145 1940 1399 2005 misericordiam
1431 1939 1653 2026 indigentibus
1685 1940 1849 2020 fenerare,
1888 1942 2073 2006 castitatem

360 2067 361 2071 ¹
424 2063 489 2106 nou
513 2043 618 2108 solum
639 2043 784 2130 corporis
801 2043 859 2109 sed
875 2045 1003 2110 animae
1019 2066 1204 2132 procurare.
1244 2045 1341 2132 quod,
1365 2045 1540 2110 adiuvante
1557 2045 1698 2126 domino,
1721 2051 1757 2109 ut
1773 2043 1945 2129 adquirere
1961 2045 2073 2110 valeas
2103 2061 2128 2098 1⁵

425 2147 548 2231 pariter
571 2153 605 2212 et
627 2148 799 2229 custodire,
826 2149 1037 2215 ieiunandum
1060 2156 1113 2214 est
1136 2151 1268 2237 saepius
1293 2155 1327 2216 et
1348 2172 1480 2237 semper
1502 2149 1670 2230 orandum,
1700 2149 1776 2236 quia
1799 2147 1905 2213 Adam
1928 2150 2073 2235 paradisi

426 2257 460 2314 et
482 2257 592 2316 custos
614 2250 829 2338 delegabatur
853 2259 885 2318 et
907 2255 1050 2336 colonus,
1073 2255 1197 2320 scilicet
1218 2261 1255 2320 ut
1277 2254 1412 2320 haberet
1435 2252 1592 2342 operandi
1608 2254 1777 2319 materiam
1792 2252 1928 2318 libertas
1944 2253 2069 2318 arbitrii

426 2359 460 2418 et
482 2354 567 2440 quod
590 2356 773 2421 orationum
796 2357 991 2423 obtinuisset
1013 2358 1173 2424 industria
1194 2360 1363 2446 parcitatis
1387 2359 1584 2424 abstinentia
1607 2357 1795 2423 custodiret.
1834 2358 1893 2422 sed
1917 2359 2069 2444 quoniam

425 2460 573 2544 neglexit
604 2461 668 2526 sibi
697 2482 829 2526 servare
855 2462 1028 2545 ieiunium,
1057 2485 1118 2549 per
1146 2465 1442 2551 concupiscentiam
1471 2463 1606 2528 vetitam
1635 2463 1744 2526 amisit
1775 2467 1808 2526 et
1830 2462 1930 2526 vitam
1953 2468 1987 2526 et
2009 2463 2070 2526 im-

395 2565 664 2630 imortalitatem.
714 2566 776 2629 sub
809 2565 1012 2632 Hierobabel
1045 2588 1155 2633 muros
1188 2567 1400 2632 Hierusalem
1436 2566 1560 2632 reversi
1587 2585 1607 2629 a
1637 2565 1826 2652 captivitate
1864 2565 2071 2652 reparabant.
2100 2577 2127 2616 ²¹⁰

425 2688 499 2733 oum
533 2669 580 2733 eis
612 2676 700 2734 asset
734 2674 845 2734 contra
879 2671 1080 2757 alienigenas
1115 2693 1174 2758 pro
1209 2669 1387 2737 eorundem
1420 2690 1585 2735 murorum
1619 2670 1858 2734 restauratione
1896 2675 2070 2751 certamen,

423 2771 643 2858 operabantur
665 2772 783 2839 dextra
805 2779 838 2838 et
861 2775 990 2840 sinistra
1012 2777 1212 2862 pugnabant,
1237 2774 1363 2841 scilicet
1385 2781 1513 2840 scutum
1529 2773 1606 2840 fidei
1620 2774 1717 2840 laeva
1733 2781 1847 2839 contra
1864 2773 2070 2840 adversarios

421 2876 675 2961 praetendentes
711 2885 744 2944 et
778 2878 895 2944 dextra
927 2881 1087 2945 bonorum
1122 2901 1257 2967 operum
1291 2887 1456 2966 tamquam
1483 2877 1628 2964 lapidum
1660 2879 1913 2964 compositorum
1943 2881 2073 2944 moenia

393 2982 660 3048 Sconstruentes.
704 2982 762 3047 sed
784 2991 817 3047 et
839 2983 900 3070 ipsi
915 2983 976 3047 viri
999 2985 1054 3070 qui
1077 2983 1295 3050 aedificabant
1318 3004 1391 3048 cum
1415 2983 1582 3070 prophetis
1607 2983 1674 3047 suis
1698 3004 1798 3069 super
1821 2982 1949 3047 lumbos
1973 2983 2072 3047 cincti

423 3085 651 3171 operabantur,
685 3087 771 3173 quod
799 3094 833 3152 et
863 3087 1012 3152 dominus
1045 3089 1078 3152 in
1107 3088 1277 3174 evangelio
1308 3087 1483 3152 observare
1513 3107 1573 3151 nos
1605 3088 1787 3174 praecepit,
1823 3085 1949 3150 dicens:
1985 3087 2071 3150 sint
2099 3101 2125 3140 2⁵

422 3188 543 3254 lumbi
577 3192 703 3255 vestri
742 3190 976 3278 praecincti
1015 3198 1056 3255 et
1094 3191 1289 3257 lucernae
1327 3197 1485 3257 vestrae
1523 3189 1719 3258 ardentes.
1775 3190 1985 3277 praecinctus
2020 3198 2072 3256 est

421 3294 552 3377 lumbis,
583 3297 674 3362 cuius
701 3317 776 3362 caro
807 3295 950 3362 castitati
978 3296 1099 3362 militat
1129 3301 1163 3362 et
1189 3317 1254 3360 nou
1282 3295 1428 3376 libidini,
1461 3302 1494 3360 et
1521 3316 1615 3360 mens
1641 3295 1728 3360 illius
1755 3300 1920 3380 tamquam
1952 3293 2071 3358 ardens

391 3399 553 3463 elucerna
575 3400 768 3486 praefulget,
792 3421 889 3485 quam
912 3401 1098 3487 praeceptis
1123 3400 1192 3465 suis
1209 3399 1357 3464 Christus
1376 3398 1538 3467 accendit.
1576 3400 1652 3484 quia
1667 3399 1748 3465 haec
1765 3399 1874 3464 omnia
1891 3398 2071 3464 secundum

420 3504 606 3590 apostolum
629 3505 663 3569 in
685 3505 790 3590 figura
812 3505 916 3570 nostri
938 3505 1128 3586 factasunt,
1152 3505 1236 3570 scire
1253 3526 1312 3568 nos
1329 3505 1491 3585 convenit,
1515 3503 1610 3588 quod,
1634 3501 1787 3588 quamdiu
1804 3502 1926 3567 saeculi
1943 3501 2070 3566 actibus

419 3606 539 3673 fuimus
574 3609 737 3696 occupati,
773 3616 939 3694 tamquam
966 3607 1159 3694 Babyloniis
1193 3614 1227 3674 et
1256 3608 1326 3694 regi
1360 3629 1473 3674 eorum
1504 3606 1623 3693 captivi
1652 3628 1672 3672 a
1699 3605 1823 3671 Iudaea
1853 3604 2003 3693 perducti
2033 3605 2068 3669 in
2096 3618 2124 3656 ³⁰

419 3711 563 3777 hostium
585 3714 736 3798 regiones
761 3714 964 3795 servivimus,
987 3713 1074 3778 unde
1096 3735 1156 3800 per
1178 3714 1416 3802 paenitentiam
1440 3713 1482 3779 ad
1504 3713 1653 3801 patriam,
1677 3709 1737 3774 hoc
1762 3715 1813 3774 est
1833 3708 1875 3774 ad
1891 3709 2068 3774 caelestem

418 3815 628 3882 Hierusalem
661 3822 798 3908 matrem
832 3819 973 3884 omniurn
1002 3818 1161 3901 fidelium,
1195 3826 1413 3900 revertentes,
1450 3818 1609 3884 debemus
1640 3816 1728 3882 omni
1758 3814 1915 3879 virtutum
1946 3834 2069 3898 genere

419 3941 573 4007 reparare
597 3921 751 4010 collapsa,
774 3923 896 3989 sarcire
920 3922 1068 4006 discissa,
1092 3922 1202 3989 delere
1225 3923 1415 4011 praeterita,
1438 3943 1553 3988 cavere
1569 3920 1765 4008 praesentia,
1788 3938 1905 4005 parare
1921 3924 2070 3998 ventura,

418 4030 454 4088 ut
479 4047 540 4111 per
568 4025 806 4110 benignitatem
835 4027 957 4092 domini
986 4049 1006 4092 a
1032 4027 1172 4113 pristina
1203 4033 1413 4114 peccatorum
1444 4027 1633 4112 captivitate
1667 4024 1829 4106 distracti,
1866 4044 1929 4088 non
1956 4021 2068 4108 Baby-

416 4129 577 4194 loniorum
610 4130 682 4215 regi
716 4129 774 4194 sed
807 4132 878 4217 regi
914 4131 1079 4196 caelorum
1113 4129 1242 4195 Christo
1276 4131 1309 4195 in
1344 4130 1571 4212 Hierusalem,
1610 4149 1779 4215 quaequae
1814 4127 2067 4212 congregatione
2095 4139 2121 4178 ³⁵

369 4235 606 4297 fllaanctorum
636 4232 826 4298 aedificatur
857 4235 985 4315 civitas,
1018 4235 1210 4302 serviamus.
1255 4241 1289 4300 et
1318 4234 1437 4299 idcirco
1467 4235 1586 4300 faciem
1614 4240 1758 4298 nostram
1783 4230 1938 4296 debemus
1962 4230 2067 4315 magis

345 4362 346 4365 ¹
417 4335 558 4400 lacrimis
590 4335 696 4421 rigare
728 4357 825 4421 quam
855 4336 1011 4419 lavacris,
1042 4344 1079 4402 ut
1109 4336 1217 4402 dicere
1248 4359 1321 4404 cum
1351 4337 1512 4427 propheta
1541 4337 1717 4423 possimus:
1751 4335 1851 4420 quia
1884 4334 2066 4399 cinerem

417 4440 517 4504 sicut
538 4460 674 4526 panem
697 4440 986 4507 manducabam
1009 4449 1051 4507 et
1073 4449 1211 4529 potum
1233 4463 1361 4509 meum
1393 4465 1477 4508 curn
1504 4442 1615 4507 fletu
1641 4440 1863 4506 miscebam.
1908 4437 2067 4503 debemus

418 4563 534 4630 corpus
558 4551 704 4608 nostrum
727 4542 900 4610 indefessis
923 4544 1046 4631 vigiliis
1069 4554 1104 4612 st
1126 4547 1290 4612 continuis
1313 4547 1465 4613 edomare
1493 4545 1638 4626 ieiuniis,
1668 4551 1705 4608 ut
1727 4563 1840 4608 verum
1871 4549 2065 4609 exercentes

415 4647 501 4713 inter
523 4648 664 4713 animam
687 4669 885 4734 carnemque
909 4647 1075 4731 iudicium,
1098 4671 1163 4715 non
1187 4670 1263 4715 caro
1286 4649 1471 4715 dominetur
1493 4647 1630 4736 spiritui,
1653 4646 1711 4712 ssd
1735 4645 1863 4734 spiritui
1886 4665 1962 4710 caro
1980 4643 2066 4708 victa
2092 4657 2120 4695 ⁴⁰

368 4755 402 4814 ll
416 4752 591 4819 deserviat.
643 4755 736 4820 cuius
766 4755 814 4820 rei
847 4755 1034 4840 exemplum
1063 4756 1159 4820 uobis
1191 4755 1354 4837 dominus,
1392 4755 1468 4820 dum
1495 4774 1553 4840 per
1579 4751 1731 4837 angelum
1761 4749 1803 4814 ad
1830 4749 1921 4834 Agar
1947 4748 2065 4813 Samae

415 4857 567 4922 ancillam
590 4858 743 4944 loquitur,
775 4855 878 4940 dedit,
907 4878 992 4943 quae
1016 4858 1179 4924 dominam
1203 4880 1296 4925 suam
1319 4859 1472 4924 deserere
1494 4856 1654 4922 maluerat
1676 4874 1773 4939 quam
1795 4851 1922 4932 audire,
1952 4849 2065 4915 dicens

416 5009 460 5016 .ι--.

517 5100 596 5154 3Ps.
608 5098 694 5166 XXV,
711 5100 736 5154 8.
824 5099 920 5155 4Act.
934 5099 1021 5166 XVII,
1039 5101 1081 5157 24.
1169 5101 1247 5156 eps.
1261 5099 1361 5164 1.1‚10.
1448 5097 1517 5152 ils.
1529 5095 1626 5161 LXVI,
1640 5096 1663 5149 1.
1681 5095 1706 5148 2.
1795 5094 1826 5147 11
1846 5089 2006 5154 nattum,
2021 5089 2064 5144 28.

415 5188 448 5242 16
466 5187 535 5243 Gen.
553 5185 588 5250 ll,
608 5187 648 5241 15.
736 5186 771 5240 22
788 5185 913 5241 HEsdr.
932 5185 979 5253 IV,
998 5187 1040 5241 l'l.
1128 5187 1162 5241 25
1181 5187 1246 5242 Luc.
1264 5187 1324 5253 ΧΠ,
1342 5187 1385 5241 35.
1472 5183 1506 5238 29
1524 5183 1617 5239 LOor.
1636 5182 1670 5247 X,
1688 5182 1712 5238 6.
1801 5181 1834 5234 37
1853 5179 1896 5234 Pa.
1915 5178 1958 5242 Ol,
1977 5176 2017 5231 10.

517 5325 667 5396 5tcmplia]
686 5343 717 5379 cc
735 5327 807 5394 Vri-lp.
825 5328 949 5395 supplevi,
970 5328 1057 5380 onaG
1126 5325 1227 5395 uiri]0
1328 5323 1457 5393 Separat]
1477 5325 1627 5386 Mocasura,
1650 5323 1796 5391 sperantG
1864 5316 1929 5387 ipae]
1947 5336 1968 5371 a.
1985 5318 2003 5369 l.
2024 5316 2063 5368 θ’

414 5410 446 5465 ll
469 5414 591 5480 diligatur
611 5414 660 5478 (3¹,
682 5415 817 5483 delegatur
839 5415 878 5465 0²
934 5415 1062 5482 operando
1080 5433 1147 5467 corr.
1165 5415 1286 5482 operandi
1307 5415 1348 5464 0¹
1434 5410 1470 5464 20
1487 5429 1503 5464 a
1521 5406 1680 5479 captiuitata]
1693 5409 1836 5475 scripsi,cd
1849 5407 2024 5474 captiuitatem
2038 5399 2064 5453 G

413 5500 445 5551 21
469 5491 696 5552 restaurationell
804 5500 838 5554 22
856 5503 1003 5554 aduersario
1021 5503 1231 5570 pretendentistl
1343 5497 1700 5566 281ucernc'rpracfulgit0
1802 5492 1837 5545 29
1854 5489 2064 5561 apostolorum&

413 5589 512 5640 factifl
596 5586 632 5640 30
650 5588 833 5640 babilloniistl
885 5589 999 5642 iudea&
1051 5588 1178 5657 perducti]
1192 5585 1509 5655 Mommsca,productiG
1588 5581 1620 5634 31
1639 5583 1789 5650 regionisG
1864 5579 1899 5630 33
1917 5576 2063 5630 discessisti

412 5676 612 5743 praesentiant}
732 5672 1033 5743 34bcby110niorum0
1144 5675 1178 5728 35
1196 5675 1397 5744 hyornsulsmfl
1458 5668 1601 5740 quaequae]
1620 5670 1771 5732 anmsen,
1788 5666 1943 5736 quaequod}
2003 5681 2063 5715 con·

411 5765 546 5834 gregatiori
565 5763 593 5828 (i.
605 5781 626 5816 e.
646 5757 853 5831 congregatione)
870 5764 900 5830 G,
918 5765 1110 5834 congregationi
1131 5765 1249 5817 Cbaisias
