4634 6458
894 400 917 452 V
936 418 961 454 v.
979 401 1013 453 82
1032 433 1064 441 -
1084 420 1109 455 v.
1129 403 1187 457 165.

581 564 627 638 sic
652 576 756 660 pretio
781 597 845 639 non
870 584 967 660 capta
989 575 1078 638 fides.
1121 581 1194 640 erat
1216 577 1270 640 ille
1293 577 1379 662 quod
1403 579 1478 642 olim

583 685 737 764 quaestor
761 680 968 745 consulibus:
993 679 1158 744 tractabat
1179 681 1314 766 publica
1336 683 1406 747 iure

581 805 658 848 aera
682 804 757 856 suo;
782 789 971 868 tantumque
995 783 1127 849 modum
1152 785 1316 866 servabat,
1339 792 1376 850 ut
1399 787 1489 851 illum

525 904 542 940 ι’-
583 895 730 952 narraret
753 909 864 952 rumor
887 890 951 952 iarn
976 889 1075 954 rebus
1098 909 1235 974 parcere
1258 891 1336 955 nati.
1407 919 1411 926 ·

630 991 786 1057 Senserat
808 992 870 1057 hoo
894 992 952 1057 sed
975 993 1059 1057 forte
1083 992 1173 1056 ducis
1197 993 1261 1056 iam
1286 993 1387 1058 livida
1410 995 1551 1058 coniunx

582 1097 697 1183 augeri
721 1096 841 1161 famam
865 1098 970 1183 pueri,
993 1096 1182 1181 suffusaque
1206 1096 1263 1161 bili

506 1257 514 1270 .
580 1207 715 1267 coierat
737 1203 904 1266 internum
928 1223 989 1288 per
1010 1201 1153 1266 barbara
1176 1200 1276 1265 corda
1298 1223 1470 1267 venenum.

580 1306 669 1370 ilicet
692 1305 845 1390 explorat
869 1307 996 1370 caelum
1021 1311 1188 1389 totamque
1213 1306 1333 1369 volutis

525 1425 529 1436 ·
580 1409 741 1495 percurrit
764 1409 939 1474 mathesim
963 1411 1117 1486 numeris,
1142 1409 1324 1494 interrogat
1347 1408 1490 1487 umbras,

579 1513 717 1576 fulmina
739 1513 886 1594 rimatur,
910 1513 1008 1577 fibras
1033 1513 1131 1593 videt,
1156 1512 1299 1599 undiquc
1323 1511 1472 1598 gaudeus

580 1624 742 1681 secretum
767 1619 915 1704 rapuisse
939 1617 1011 1683 deo.
1059 1618 1107 1682 sic
1130 1623 1224 1682 torva
1246 1617 1424 1702 Pelasgum

582 1719 714 1784 Colchis
738 1723 771 1784 in
795 1723 933 1808 aplustri
957 1727 1095 1786 steterat
1117 1721 1302 1808 trepidante
1326 1721 1442 1785 marito

581 1823 760 1909 Absyrtum
784 1847 938 1911 sparsura
960 1826 1044 1911 patri
1067 1826 1257 1910 facturaque
1280 1826 1369 1890 caesi

582 1930 731 2013 germani
754 1931 828 2014 plus
851 1936 957 1995 morte
981 1930 1087 2008 nefas,
1111 1930 1188 1993 dum
1212 1930 1327 1995 funere
1351 1937 1476 2014 pugnat

582 2040 615 2098 et
638 2033 772 2098 fratrem
796 2034 858 2098 sibi
883 2035 951 2098 tela
973 2033 1067 2100 facit:
1091 2035 1143 2098 vel
1169 2056 1241 2098 cum
1267 2034 1375 2097 obruit
1397 2035 1506 2117 ignem

582 2143 747 2201 taurorum
771 2137 846 2222 plus
870 2138 940 2221 ipsa
963 2138 1073 2202 calens
1098 2138 1246 2221 texitque
1270 2143 1464 2202 trementem

580 2239 699 2325 frigida
721 2241 852 2303 flamma
875 2241 989 2316 virum,
1012 2262 1108 2325 quem
1132 2239 1329 2305 defendente
1353 2261 1478 2305 veneno

582 2345 669 2408 inter
691 2344 869 2428 flagrantes
892 2343 1070 2428 perhibent
1093 2345 1211 2408 alsisse
1235 2345 1403 2410 iuvencos.

582 2469 661 2532 ergo
685 2448 783 2512 animi
807 2445 928 2511 dudum
951 2448 1138 2533 impatiens,
1162 2455 1335 2533 postquam
1359 2447 1462 2512 audiit
1484 2449 1537 2512 isti

581 2551 754 2637 imperium
778 2557 811 2616 et
834 2551 967 2636 longum
992 2553 1101 2626 statui,
1126 2552 1250 2616 laniata
1272 2553 1413 2616 lacertos

581 2653 764 2739 ingreditur
786 2676 851 2739 qua
872 2661 975 2720 strata
998 2656 1057 2719 viri
1082 2675 1261 2740 vocemque
1283 2656 1445 2720 furentem

581 2759 630 2823 his
654 2759 791 2844 rumpit:
815 2761 940 2823 ‘secure
965 2760 1063 2832 iaces,
1088 2759 1190 2824 oblite
1213 2763 1354 2838 tucrum,

580 2885 598 2927 ο
622 2862 732 2948 piger:
757 2868 790 2927 et
813 2861 933 2926 mundo
957 2861 1111 2948 princeps
1135 2861 1198 2947 (sic
1223 2862 1357 2926 saecula
1379 2860 1533 2947 poscunt)

542 2983 553 3016 ³»
586 2966 785 3032 Maiorianus
809 2968 886 3041 erit;
910 2968 1054 3031 clamant
1078 2965 1140 3030 hoc
1163 2965 1272 3030 sidera
1294 2966 1406 3051 signis,

581 3071 643 3135 hoc
667 3070 814 3136 homines
838 3071 933 3136 votis.
978 3071 1033 3134 isti
1057 3070 1135 3156 quid
1158 3069 1269 3134 sidera
1292 3089 1425 3154 quaero,

582 3174 685 3238 latum
709 3174 798 3239 aliud
822 3175 874 3238 oui
895 3174 976 3238 fecit
998 3179 1106 3238 amor?
1140 3175 1186 3238 nil
1210 3173 1324 3238 fortius
1348 3174 1415 3252 illo,

582 3287 616 3341 et
638 3297 719 3361 puer
742 3285 793 3342 est
817 3276 956 3363 cupidus
979 3298 1156 3361 numquam
1179 3276 1236 3342 sed
1261 3298 1380 3363 parcus
1404 3275 1557 3354 habendi,

580 3401 706 3466 pauper
729 3379 835 3444 adhuc
859 3380 923 3444 iam
947 3381 1071 3466 spargit
1093 3401 1184 3465 opes,
1208 3381 1355 3466 iugentia
1378 3378 1495 3444 suadet

524 3499 543 3535 ι’»
583 3485 720 3549 consilia
743 3491 777 3549 et
800 3485 956 3569 sequitur,
980 3490 1083 3548 totum
1107 3481 1194 3568 quod
1217 3484 1339 3568 cogitat
1362 3484 1465 3548 altum
1489 3489 1548 3552 est.

580 3593 676 3673 urget
700 3585 785 3673 quod
811 3593 932 3674 sperat.
978 3585 1090 3650 ludum
1114 3587 1142 3650 si
1165 3586 1249 3651 torte
1273 3593 1432 3666 retexam,

530 3727 533 3736 ‹
581 3691 786 3777 consumpsit
809 3690 962 3777 quiequid
984 3691 1100 3755 iaculis
1123 3691 1244 3756 fecisse
1268 3691 1403 3778 putaris

582 3797 677 3861 istius
700 3815 766 3860 una
789 3794 875 3860 dies:
900 3794 1006 3859 tribus
1028 3793 1113 3858 hunc
1137 3801 1302 3860 tremuere
1326 3794 1454 3880 sagittis

580 3902 706 3986 anguis,
731 3921 858 3978 cervus,
882 3920 972 3984 aper.
1018 3919 1081 3962 uon
1106 3899 1152 3962 sie
1175 3898 1309 3963 libravit
1331 3898 1365 3961 in
1388 3899 1517 3964 hostem

523 4019 549 4060 :a
583 4003 712 4088 spicula
735 4002 789 4088 qui
813 4009 889 4066 nato
914 4001 1076 4087 serpentis
1099 4021 1236 4086 corpore
1261 4001 1367 4065 cincto

582 4108 655 4192 plus
682 4105 800 4181 timuit,
824 4126 897 4170 cum
923 4103 1093 4183 succurrit,
1117 4103 1194 4168 dum
1218 4103 1359 4170 iactibus
1383 4103 1486 4170 isdem

584 4210 940 4294 interitumvitamque
965 4207 1059 4273 daret
1083 4209 1300 4295 stabilemque
1322 4216 1453 4276 terreret

581 4312 679 4379 corde
703 4321 866 4378 tremente
890 4333 1033 4393 manum,
1058 4320 1226 4398 totamque
1251 4314 1358 4379 exiret
1380 4314 1414 4378 in
1437 4321 1539 4379 artem

583 4439 641 4502 spe
665 4417 818 4504 propiore
842 4422 961 4494 metus,
985 4415 1067 4481 dans
1090 4418 1176 4484 inter
1199 4418 1346 4483 membra
1369 4418 1505 4483 duorum

530 4535 534 4546 '
580 4520 677 4584 unius
700 4528 849 4586 mortem.
893 4519 997 4585 libeat
1020 4520 1199 4586 decernere
1224 4529 1353 4586 caestu:

585 4623 687 4688 cessit
708 4622 800 4708 Eryx
823 4623 965 4704 Siculus,
989 4624 1086 4688 simili
1109 4646 1171 4689 uec
1195 4626 1302 4690 floruit
1325 4632 1395 4690 arte

582 4727 712 4813 Sparta,
735 4726 952 4812 Therapnaea
975 4729 1121 4812 pugilem
1145 4750 1218 4792 cum
1242 4728 1405 4814 gymnade
1429 4730 1585 4815 pinguem

580 4837 700 4896 stratus
723 4830 893 4914 Bebryciis
917 4829 1063 4915 Amycus
1089 4833 1238 4917 suspexit
1262 4833 1405 4898 harenis.

580 4938 635 5022 qui
656 4937 751 5021 vigor
774 4937 806 4999 in
829 4934 981 5021 pedibus!
1018 4938 1140 5001 frustra
1164 4938 1226 5002 sibi
1251 4945 1347 5002 natus
1371 4938 1481 5004 Ofelte

511 5055 547 5092 lat
581 5039 743 5104 Sicaniam
769 5038 882 5102 tribuit
905 5039 1058 5123 palmam,
1082 5040 1278 5126 plantasque
1303 5039 1463 5127 superbas

320 5230 370 5284 123
388 5234 444 5284 iura
456 5231 582 5282 iterur
669 5228 718 5280 124
737 5230 859 5282 aereIr'P
948 5229 998 5280 125
1015 5233 1130 5298 guutiM
1218 5230 1268 5282 126
1281 5231 1340 5298 hoc]
1353 5233 1393 5284 his
1406 5233 1437 5282 Μ
1525 5232 1573 5284 127
1585 5237 1677 5302 auguri
1690 5236 1727 5298 Μ,
1746 5237 1834 5302 angeri
1847 5237 1876 5287 F

213 5319 275 5368 bibli
297 5320 319 5369 0
439 5318 489 5369 1211
511 5327 588 5370 totum
608 5319 637 5369 F
755 5315 807 5368 130
831 5318 953 5368 mathesin
975 5317 997 5368 0
1118 5316 1167 5368 133
1185 5337 1206 5371 c.
1226 5321 1241 5370 i.
1261 5339 1283 5370 a.
1307 5317 1363 5384 ΤΕ]
1387 5320 1483 5370 colchis
1506 5321 1531 5370 iu
1554 5323 1678 5387 aplaustri
1698 5320 1749 5385 ΟΡ,
1770 5323 1870 5373 colclriu

212 5405 320 5471 aplustri
334 5405 366 5454 Μ
432 5395 554 5472 magistro
568 5405 615 5454 Ma
721 5402 769 5454 134
788 5404 938 5469 absyrthum
954 5404 976 5454 0
1043 5408 1205 5471 fractumque
1218 5405 1274 5456 MC
1376 5404 1426 5456 138
1443 5407 1525 5472 rigida
1536 5407 1569 5456 Μ
1672 5405 1721 5457 1511
1739 5407 1871 5474 iuvencos}

212 5507 325 5546 venenas
339 5491 367 5541 F
470 5490 518 5542 142
536 5501 648 5558 eaproter
666 5493 731 5559 ingr.
750 5499 833 5541 castra
850 5489 1075 5556 ineolumem)
1180 5490 1231 5542 143
1249 5493 1344 5558 rumpit
1362 5491 1551 5559 scn'pai:rupit
1568 5493 1642 5544 codd.
1744 5491 1793 5544 152
1811 5513 1870 5546 oon-

213 5578 292 5628 surnit
314 5577 409 5628 TCFP
546 5576 595 5630 154
618 5595 687 5630 nunc
705 5577 731 5628 P
827 5579 900 5628 alcon
922 5595 979 5644 sup.
1002 5579 1106 5628 llbravit
1127 5575 1164 5628 0¹>
1300 5575 1349 5628 155
1373 5577 1467 5644 stipula
1485 5577 1514 5627 F
1646 5578 1695 5631 156
1718 5581 1830 5632 cucurrit
1852 5579 1876 5629 'I'

212 5664 392 5714 iacentibusP
485 5663 534 5714 159
552 5667 682 5732 propriore
699 5665 744 5716 Tc
799 5665 923 5715 motusF
1017 5663 1067 5716 160
1084 5658 1228 5716 discernere
1241 5663 1272 5713 Μ
1368 5661 1417 5714 162
1435 5665 1624 5732 sparthacodd.
1683 5667 1809 5734 lrerapuea
1821 5667 1870 5716 Mu

215 5748 264 5800 163
282 5751 384 5802 herenis
402 5751 433 5800 Μ
539 5749 587 5803 164
605 5753 680 5806 or'slle
699 5753 739 5802 1²²
848 5749 896 5801 165
915 5753 998 5820 palma
1016 5751 1050 5800 Μ
