4560 6434
751 437 860 501 umas
877 441 912 510 Π,
937 437 1002 500 XXI
1020 445 1037 514 g
1055 439 1070 498 1
1088 472 1121 484 -·
1141 438 1234 500 XXIII
1252 439 1268 512 ξ
1286 443 1311 500 9.

966 704 1094 772 ΧΧΙΠ.

390 855 568 924 DOMINO
591 857 949 926 DEVINOTISSIMO
974 860 1245 936 SEMPERQUE
1269 858 1522 926 MAGNIFICO
1545 857 1667 925 VERO
1906 853 1940 926 G

782 963 1000 1031 RURIOIUS
1023 963 1281 1032 EPISCOPUS.

309 1079 478 1175 Raurcrrs
507 1108 626 1174 litteris
657 1109 789 1196 pictatis
817 1115 965 1193 vestrae,
1000 1112 1125 1197 gratias
1155 1111 1217 1176 deo
1246 1111 1316 1197 egi,
1350 1110 1436 1198 quod
1463 1131 1522 1176 ros
1552 1111 1642 1198 prius
1672 1110 1853 1175 revaluisse
1887 1115 1901 1172 1

163 1227 175 1266 ⁵
203 1235 300 1300 quam
329 1213 510 1279 infirmatos
540 1234 615 1278 esse
645 1235 758 1279 earum
787 1213 947 1279 relatione
977 1215 1122 1300 cognovi.
1167 1213 1255 1302 quod
1277 1213 1369 1280 vobis
1398 1219 1466 1280 tarn
1494 1215 1685 1301 frequenter
1706 1212 1855 1279 accidere

204 1316 344 1406 propitio
367 1316 477 1403 potius
509 1314 571 1382 deo
599 1337 696 1402 quam
725 1317 850 1384 offenso
879 1317 1021 1401 confido,
1053 1318 1130 1404 quia
1156 1340 1269 1405 quem
1298 1317 1440 1405 diligit
1469 1317 1648 1384 dominus
1677 1317 1854 1405 corripit,

201 1421 375 1507 castigat
397 1427 527 1486 autem
550 1441 701 1485 omnem
724 1421 856 1486 lilium
880 1443 999 1510 quern
1021 1422 1177 1510 recipit.
1218 1422 1253 1487 in
1275 1421 1419 1487 divinam
1441 1423 1553 1509 itaque
1568 1443 1627 1486 ros
1650 1421 1854 1507 disciplinam
1886 1425 1906 1486 2

203 1531 374 1610 susceptos
409 1523 525 1590 sedula
557 1524 736 1589 admonitio
770 1531 804 1590 et
838 1525 925 1591 mitis
961 1525 1120 1608 ostendit,
1155 1525 1231 1611 quia
1264 1532 1403 1613 paterna
1436 1525 1610 1592 clementia
1642 1524 1766 1590 mavult
1796 1546 1856 1611 per

201 1628 393 1694 multimoda
416 1629 620 1695 incommoda
641 1630 875 1715 neglegentem
903 1630 1066 1716 corrigere
1094 1629 1196 1694 filium
1224 1650 1320 1716 qoam
1351 1630 1466 1717 punire
1495 1635 1700 1717 peccantem,
1730 1629 1855 1694 mavult

151 1748 175 1785 1⁰
200 1739 371 1800 nutantem
404 1755 443 1799 ac
477 1733 611 1798 dubium
635 1732 676 1798 ad
700 1734 867 1799 servitium
900 1755 993 1799 suum
1028 1734 1167 1800 habenis
1197 1733 1273 1821 piae
1301 1735 1532 1800 moderationis
1561 1733 1725 1800 attrahere
1757 1753 1853 1818 quam

202 1836 422 1903 errabundum
446 1844 480 1904 et
502 1858 562 1926 per
584 1838 707 1902 saeculi
729 1838 923 1925 praecipitia
946 1839 1130 1925 lapsantem
1157 1838 1283 1905 acriore
1307 1839 1445 1905 verbere
1473 1839 1659 1905 cohercere.
1704 1838 1775 1923 ipse
1805 1842 1855 1902 est
1886 1838 1905 1900 3

107 1947 113 1958 '
201 1943 287 2007 enim
317 1941 621 2027 indulgentissimus
650 1941 900 2028 paterfamilias,
929 1943 985 2029 qui
1013 1944 1155 2007 animam
1184 1962 1278 2008 suam
1307 1942 1400 2030 ponit
1428 1964 1486 2029 pro
1517 1942 1633 2007 oribus
1656 1943 1736 2008 suis.
1782 1942 1853 2028 ipse

201 2051 250 2111 est
281 2046 387 2111 bonus
423 2051 549 2132 pastor,
584 2045 640 2130 qui
674 2067 769 2110 orem
800 2044 961 2132 perditam
988 2045 1031 2111 ad
1058 2046 1169 2111 caulas
1200 2044 1378 2112 dominicas
1411 2046 1537 2111 mavult
1566 2046 1703 2133 propriis
1732 2046 1853 2110 umeris

201 2155 368 2236 reportare
393 2149 551 2214 sollicitus
575 2169 673 2236 quam
697 2149 838 2214 stimulis
860 2149 1055 2235 urgentibus
1079 2171 1235 2214 revocare
1260 2149 1446 2216 destrictus.
1490 2151 1560 2238 ipse
1585 2157 1637 2215 est
1658 2157 1752 2236 pater
1767 2149 1852 2236 pius,
1885 2153 1905 2212 4

161 2268 172 2306 ⁵
200 2252 254 2338 qni
270 2253 355 2318 male
377 2252 514 2340 prodigo
536 2253 603 2317 filio
627 2257 661 2318 ot
683 2259 881 2340 praeceptae
906 2253 1109 2318 substantiae
1133 2253 1297 2319 decoctori
1320 2253 1361 2319 ad
1385 2275 1420 2318 ee
1443 2254 1496 2319 vel
1519 2275 1592 2318 sero
1615 2252 1765 2319 redeunti
1789 2275 1853 2318 non

200 2357 304 2420 solum
327 2357 462 2422 crimina
484 2356 650 2422 anteriora
672 2377 737 2420 non
760 2356 914 2442 imputat,
944 2357 1180 2421 verumetiam
1210 2359 1357 2444 praemia
1387 2359 1508 2424 amissa
1535 2358 1746 2445 multiplicat,
1777 2356 1853 2421 dum

198 2460 283 2525 ulnis
306 2460 404 2544 fovet,
429 2462 548 2527 osculis
570 2459 761 2547 permulcet,
784 2460 973 2525 muneribus
997 2459 1089 2536 ditat,
1113 2460 1261 2527 doctrina
1283 2462 1461 2542 confirmat,
1485 2483 1547 2526 non
1570 2468 1697 2526 tantum
1721 2461 1851 2525 adeius

198 2563 384 2650 indignatus
423 2565 630 2646 abscessum,
671 2570 827 2649 quantum
865 2563 1007 2628 laetatus
1045 2564 1088 2630 ad
1125 2565 1276 2630 reditum.
1332 2567 1404 2652 ipse
1438 2567 1524 2631 enim
1560 2564 1703 2630 omniurn
1736 2565 1852 2629 horum
1885 2569 1905 2628 5

199 2670 367 2734 nominum
389 2669 423 2734 in
447 2690 482 2733 se
507 2669 645 2734 allectus
667 2669 869 2753 affectusque
887 2669 1041 2755 suscepit,
1064 2675 1110 2751 ut,
1132 2669 1218 2734 sicut
1238 2669 1317 2735 dicit
1332 2669 1510 2756 apostolus,
1532 2668 1708 2734 multifarie
1725 2668 1852 2732 multis-

145 2786 171 2825 ²⁰
197 2793 260 2858 qne
282 2772 386 2838 modis
409 2793 467 2836 nos
491 2773 637 2839 erudiret
658 2771 782 2854 verbis,
805 2772 980 2838 instrueret
1004 2771 1202 2860 disciplinis,
1233 2781 1426 2860 provocaret
1448 2772 1632 2854 beneficiis,
1663 2772 1854 2837 informaret

198 2877 374 2963 exemplis,
408 2877 637 2942 reconciliaret
669 2897 784 2964 prece,
825 2875 1001 2942 redimeret
1033 2876 1203 2964 passione,
1237 2877 1416 2943 virificaret
1449 2883 1567 2959 morte,
1608 2876 1851 2940 immortalitate

197 2979 349 3058 donaret,
380 2980 572 3046 iustificaret
601 2981 856 3063 resurrectione,
879 2981 1072 3046 ascensione
1095 2988 1246 3068 portaret
1267 2991 1302 3047 et
1324 2982 1553 3047 reconciliatos
1575 3001 1636 3068 per
1659 2981 1851 3066 sanguinem

197 3104 292 3148 suum
315 3083 349 3149 in
372 3104 444 3148 eam
466 3105 487 3150 a
509 3105 573 3170 qua
595 3081 824 3150 excideramus
847 3085 951 3171 patrie
981 3085 1119 3171 gratiam
1150 3085 1352 3153 reformaret.
1396 3086 1483 3173 ipse
1514 3086 1622 3151 enirn
1653 3091 1715 3150 est
1745 3083 1851 3170 apud
1884 3087 1903 3148 6

197 3194 361 3274 patrem
389 3186 622 3274 propitiatio
652 3193 798 3270 nostra,
829 3187 900 3256 sine
928 3189 1111 3254 cessatione
1134 3210 1315 3275 suggerens
1338 3190 1455 3279 pietati
1478 3210 1574 3255 suae:
1609 3201 1745 3278 pater,
1774 3209 1852 3253 non

143 3306 169 3346 ²⁵
196 3293 319 3357 solum
348 3312 414 3378 pro
444 3291 512 3356 his
545 3313 654 3377 rogo,
691 3292 757 3358 sed
789 3313 858 3378 pro
892 3293 956 3357 his
990 3293 1056 3379 qui
1087 3292 1277 3360 credituri
1306 3301 1400 3360 snut
1429 3295 1469 3360 in
1499 3315 1558 3359 me
1589 3315 1658 3381 per
1688 3292 1851 3358 verbum

194 3396 371 3461 illorum.
408 3400 533 3481 pater,
556 3397 657 3478 volo,
681 3402 739 3478 ut,
761 3396 826 3461 ubi
849 3416 918 3483 ego
941 3417 1036 3478 sum,
1059 3405 1099 3462 et
1121 3397 1196 3484 ipsi
1219 3399 1299 3463 sint
1321 3420 1476 3465 mecum.
1521 3405 1647 3486 pater,
1675 3397 1850 3483 ignosce

196 3498 302 3582 illis,
336 3499 521 3564 nesciunt
555 3499 662 3565 enim
695 3499 793 3586 quid
827 3500 1005 3566 faciunt.
1057 3502 1129 3587 ipse
1162 3501 1253 3567 nobis
1288 3500 1406 3567 cotidie
1440 3523 1500 3588 per
1533 3502 1717 3589 apostolum
1752 3522 1848 3565 suum
1883 3502 1900 3563 7

195 3604 329 3668 clamat:
360 3601 486 3668 nolite
514 3603 690 3688 diligere
718 3602 902 3668 mnndum
929 3625 1058 3689 neque
1088 3626 1133 3669 ea
1162 3625 1258 3691 quae
1286 3606 1326 3669 in
1357 3603 1496 3670 mundo
1520 3611 1629 3680 sunt;
1658 3605 1850 3690 quienim

195 3706 338 3793 diligit
365 3706 560 3789 mundum,
591 3729 669 3772 non
699 3713 763 3772 est
791 3708 939 3772 caritas
968 3707 1092 3794 patris
1115 3709 1155 3773 in
1178 3729 1238 3783 eo;
1270 3708 1368 3795 quia
1390 3729 1502 3773 omne
1527 3708 1625 3793 quod
1648 3708 1686 3771 in
1709 3707 1851 3772 mundo

142 3823 169 3862 ³⁰
195 3817 257 3874 est
286 3810 619 3898 eoncupiscentia
648 3811 789 3877 carnis
817 3819 859 3877 et
881 3815 1219 3901 concupiscentia
1241 3816 1440 3880 oculorum
1464 3819 1505 3878 et
1528 3813 1721 3900 superbia
1743 3814 1849 3878 vitae

195 3914 405 3996 hnmanae,
436 3934 532 4001 qnae
559 3935 635 3980 non
663 3921 724 3981 est
752 3913 800 3979 de
829 3921 962 4003 patre,
994 3916 1062 3982 sed
1091 3917 1138 3983 de
1161 3918 1310 3984 mundo
1334 3925 1406 3984 est.
1450 3923 1489 3983 et
1511 3914 1676 3981 mundus
1701 3917 1851 3982 transit

196 4023 236 4083 et
270 4017 605 4103 concupiscentia
642 4017 754 4094 cius;
790 4019 853 4104 qui
891 4026 1018 4086 autem
1057 4021 1204 4088 fecerit
1234 4025 1489 4088 voluntatem
1524 4021 1607 4104 dei,
1645 4027 1778 4086 manet
1811 4021 1850 4085 in

194 4129 419 4206 aeternum,
452 4124 537 4188 sicut
564 4131 597 4188 et
624 4121 705 4188 dene
733 4132 845 4190 manet
873 4125 906 4190 in
940 4133 1122 4192 aeternum.
1166 4129 1239 4215 ipse
1268 4127 1300 4192 in
1328 4125 1498 4212 evangelio
1524 4124 1692 4190 blanditiis
1722 4123 1849 4205 inritat,
1882 4127 1901 4190 8

194 4225 382 4291 muneribus
413 4233 585 4313 provocat,
620 4226 847 4293 adhortatione
878 4229 1048 4311 sollicitat,
1079 4229 1206 4295 dicens:
1241 4231 1384 4295 venite
1418 4229 1465 4293 ad
1499 4250 1575 4312 me,
1608 4249 1747 4294 omnes
1781 4229 1850 4314 qui

142 4345 167 4384 ³⁵
193 4329 385 4395 laboratis
406 4337 447 4396 et
466 4333 630 4396 onerati
650 4333 755 4398 estis
778 4333 963 4419 etreliqua,
979 4342 1016 4399 ut
1031 4335 1124 4419 quasi
1139 4335 1251 4420 iugum
1267 4372 1335 4398 m.
1352 4333 1550 4399 salutaribus
1568 4330 1748 4397 subdentes
1765 4330 1849 4395 colla

196 4433 381 4521 praeceptis
399 4433 533 4498 salutari
550 4456 609 4499 suo
626 4437 733 4501 currui
750 4436 973 4522 subiugemua.
1013 4446 1046 4502 et
1068 4437 1142 4503 ideo
1158 4439 1377 4504 deliberemus
1394 4443 1603 4503 revocantem
1619 4436 1721 4520 sequi,
1738 4433 1849 4498 andire

195 4535 405 4619 clamantem,
435 4536 660 4603 blandientem
690 4538 786 4605 modo
823 4560 888 4605 nou
919 4561 1090 4628 spernere,
1120 4563 1161 4607 ne
1190 4543 1370 4608 sentiamus
1399 4539 1607 4628 postmodum
1637 4538 1847 4603 iudicantem.

194 4660 258 4726 quo
287 4639 422 4722 iudicio,
464 4641 551 4705 sicut
580 4641 650 4727 ipse
680 4642 714 4705 in
743 4643 913 4728 evangelio
945 4665 1160 4731 praemonere
1199 4652 1233 4712 et
1261 4646 1379 4712 docere
1412 4645 1564 4732 dignatus
1597 4651 1660 4722 est,
1682 4662 1780 4705 cum
1809 4641 1848 4706 is
1881 4643 1901 4705 9

298 4847 414 4904 6Ριοι.
433 4847 481 4913 ΙΙΙ,
500 4849 542 4902 12.
628 4847 745 4902 IHebr.
765 4847 826 4914 Xll,
844 4849 868 4904 6.
957 4851 990 4904 13
1008 4849 1073 4906 Luc.
1092 4850 1153 4916 XV,
1170 4853 1195 4906 b.
1284 4851 1316 4906 17
1335 4849 1401 4906 Luc.
1420 4850 1480 4916 XV,
1497 4851 1540 4905 20.
1627 4848 1660 4902 19
1679 4847 1762 4903 llebr.
1781 4847 1802 4913 I,
1821 4850 1845 4902 1.

194 4933 473 4999 231.10snn.11‚2.
560 4933 594 4988 24
614 4933 709 4991 Iocuu.
728 4935 816 5000 XVII,
833 4935 876 4990 20.
964 4937 998 4992 26
1016 4937 1111 4992 Ioanu.
1131 4939 1218 5004 XVII,
1236 4939 1278 4994 24.
1332 4937 1396 4992 Luc.
1415 4937 1516 5002 XXIII,
1534 4935 1577 4991 34.
1663 4935 1698 4990 28
1716 4936 1736 4990 I.
1750 4935 1845 4989 Ioauu.

200 5019 364 5086 11,15—1r.
450 5020 485 5076 34
502 5020 603 5075 Matth.
622 5019 670 5086 XI,
687 5023 730 5077 28.
817 5022 851 5076 38
868 5022 1122 5090 maturimae.

295 5157 540 5214 2deuictissimoG
632 5158 764 5214 4reliotis
777 5159 812 5226 G,
828 5163 887 5215 item
904 5163 979 5232 infra
993 5163 1078 5230 Irae
1173 5161 1366 5218 bsccedereG
1458 5159 1628 5231 IrecepitG
1684 5164 1799 5215 diuinam
1812 5191 1845 5201 -

196 5245 368 5315 disciplinam]
387 5247 546 5316 Lr‘r'tj'olrann,
568 5248 659 5301 diuina
674 5275 709 5284 -
727 5245 908 5316 disciplinati
1023 5249 1167 5319 dmauult]
1186 5267 1229 5304 ma
1245 5269 1265 5305 ι.
1285 5251 1302 5303 l.
1322 5247 1364 5302 G*
1479 5247 1514 5301 10
1534 5245 1677 5301 habensG
1757 5247 1846 5316 quam]

192 5350 267 5384 nera
290 5343 396 5387 aarum
419 5352 468 5388 ona.
488 5335 524 5404 G,
546 5336 631 5402 mppr.
650 5335 772 5402 Bwrcqe
893 5334 927 5388 14
948 5336 1093 5406 destrictus]
1113 5337 1277 5406 Drltjohmrn,
1299 5337 1427 5390 districtos
1446 5333 1471 5388 G
1593 5335 1627 5388 15
1644 5336 1710 5388 male
1728 5333 1845 5404 prodigo]

193 5419 320 5484 Caninius,
333 5421 399 5474 male
417 5437 462 5489 pro
476 5417 528 5486 θ’,
544 5422 613 5473 malo
629 5418 673 5472 θ’
731 5420 891 5491 praeceptae]
905 5420 957 5488 θ’,
974 5435 1109 5494 perceptae
1122 5423 1174 5492 θ’,
1195 5428 1228 5493 cs.
1242 5443 1324 5492 supro
1336 5443 1366 5492 p.
1380 5427 1441 5490 300,
1459 5425 1476 5476 l.
1490 5427 1524 5475 38
1618 5420 1651 5474 16
1669 5439 1807 5476 uernerum
1821 5420 1847 5475 G

190 5503 225 5557 23
241 5507 425 5559 excederemus
445 5505 471 5559 G
579 5505 613 5560 34
636 5509 784 5561 adoratione
803 5507 855 5575 θ’,
871 5511 1029 5564 ιιΙοι·ΙιιΙίοιιο
1048 5509 1091 5563 θ’
1200 5510 1367 5564 ebronensi
1389 5511 1412 5562 0
1470 5511 1591 5577 sapphus
1609 5510 1683 5560 nobis
1700 5525 1764 5562 suae
1782 5510 1844 5562 leni·

192 5593 253 5644 tatis
271 5594 392 5662 imponat,
412 5601 443 5645 ut
459 5611 491 5646 en:
508 5594 618 5660 epistile
636 5594 723 5660 11,ae
825 5593 860 5647 36
877 5598 952 5648 curui
973 5593 1013 5663 G,
1030 5617 1109 5652 musa
1126 5600 1277 5652 humilitatis
1295 5607 1321 5651 ot
1337 5599 1454 5650 miseriae
1471 5615 1485 5648 e
1502 5597 1604 5663 regione
1621 5595 1697 5646 baim
1713 5613 1801 5648 verm
1819 5598 1846 5648 in

190 5697 240 5746 mg.
258 5679 320 5730 cdd.
341 5677 401 5732 G¹r
424 5683 459 5749 cs.
476 5681 552 5749 infra
564 5697 594 5747 p.
607 5683 665 5746 335,
683 5681 701 5732 l.
713 5685 745 5734 25
817 5683 1000 5751 subingamus]
1020 5685 1171 5753 Μοιιιιιιιοιι,
1194 5687 1381 5754 subiungernus
1401 5683 1455 5751 θ’,
1471 5685 1653 5751 subiungimus
1672 5680 1715 5736 θ’
1790 5685 1847 5736 ideo

196 5765 379 5834 deliberamus]
398 5767 549 5833 Mornmaen,
566 5768 623 5820 ideo
641 5767 686 5835 (an
702 5785 722 5822 ι.
741 5770 759 5820 l.
780 5766 833 5838 θ’)
845 5770 962 5824 daremus
981 5769 1007 5824 G

1589 5889 1644 5944 420
