4560 6434
1047 411 1186 474 aaaron
1204 407 1463 472 EPISTULARUM

1200 732 1308 799 XLII.

546 889 723 954 DOMINO
746 875 1103 955 DEVINOTISSIMO
1127 889 1185 953 ET
1207 888 1313 954 MIHI
1336 885 1450 954 OMNI
1473 887 1662 952 IIONORE
1686 883 1966 954 venenantur

935 993 1104 1060 FRATRI
1125 992 1323 1059 LEONTIO
1346 990 1573 1058 RURIOIUS.

381 1136 395 1193 1
443 1215 444 1218 Ἴ
540 1110 694 1207 Gnarus
715 1163 794 1228 ago,
822 1142 908 1229 quod
932 1149 966 1208 et
987 1143 1092 1207 nostri
1118 1163 1229 1208 curam
1251 1164 1367 1227 gerere
1392 1148 1426 1208 et
1452 1143 1596 1206 novitate
1626 1140 1791 1220 holerum,
1823 1163 1906 1227 quae
1935 1142 2080 1209 libenter

430 1244 552 1310 habere
575 1267 634 1310 nos
656 1246 772 1324 nostis,
796 1267 855 1310 nos
878 1246 1012 1310 reficere
1037 1247 1119 1310 tanti
1141 1246 1321 1320 habuistis3
1344 1244 1430 1331 quod
1454 1249 1488 1310 et
1511 1244 1737 1310 consuetudini
1758 1247 1934 1332 praestatis
1957 1248 2081 1333 pariter
2123 1264 2135 1301 ⁵

379 1351 399 1411 2
431 1354 464 1412 et
487 1350 597 1416 amori.
641 1348 792 1435 ideoque,
815 1349 972 1414 redeunte
996 1370 1097 1435 puero
1121 1356 1240 1430 vestro,
1270 1349 1370 1416 reddo
1396 1349 1599 1434 reciprocum
1622 1349 1844 1435 sospitationis
1868 1349 2009 1415 officium
2034 1360 2079 1430 et,

430 1458 467 1516 ut
493 1452 534 1518 de
562 1459 714 1540 suscepto
742 1453 804 1518 deo
835 1454 975 1539 propitio
1004 1452 1109 1517 oliicio
1141 1445 1366 1518 indesinenter
1394 1453 1562 1537 cogitetis,
1592 1451 1764 1533 admoneo,
1799 1454 1875 1538 quia
1904 1452 1985 1520 deus
2013 1477 2078 1520 non

430 1556 559 1621 initium
582 1557 658 1622 boni
681 1558 803 1644 operis,
834 1557 893 1622 scd
916 1559 1014 1622 finem
1036 1556 1202 1642 requirere
1226 1556 1465 1644 comprobatur,
1496 1556 1624 1621 dicens:
1659 1558 1721 1641 qui
1751 1559 2079 1642 perseveraverit

379 1662 398 1723 3
431 1681 564 1746 usque
594 1661 636 1726 in
664 1662 807 1742 linem,
837 1660 900 1725 hic
929 1661 1060 1726 salvus
1091 1661 1179 1724 erit.
1223 1658 1420 1746 praestabit,
1450 1667 1487 1723 ut
1511 1660 1942 1741 oredimus,misericordia
1963 1663 2077 1749 ipsius,

430 1770 466 1827 ut
489 1766 542 1851 qui
565 1765 754 1851 paenitendi
776 1765 871 1830 robis
894 1766 1039 1829 animum
1061 1765 1220 1850 inspirare
1244 1764 1397 1849 dignatus
1421 1767 1482 1845 cst,
1512 1763 1584 1850 ipse
1608 1765 1701 1827 robis
1724 1765 1811 1829 etin
1836 1765 1988 1850 augendo
2011 1767 2077 1830 rir—
2109 1781 2136 1818 1⁰

430 1873 534 1932 tutem
558 1876 591 1933 et
613 1870 646 1932 in
669 1870 949 1933 consummatione
972 1871 1102 1956 plenem
1126 1867 1248 1932 tribuat
1271 1888 1329 1954 pro
1355 1889 1415 1932 sua
1430 1869 1639 1934 miseratione
1655 1869 1893 1952 remissionem,
1916 1871 1969 1954 qui
1987 1871 2078 1935 solus

430 1977 540 2058 potest
562 1979 596 2037 et
619 1995 736 2038 sanare
761 1980 913 2060 corrupta
935 1978 968 2036 ct
990 1993 1144 2059 reparare
1161 1972 1309 2058 collapsa
1324 1977 1357 2034 et
1372 1970 1484 2036 delere
1501 1973 1675 2036 commissa
1691 1980 1724 2037 et
1740 1972 1872 2037 abolere
1888 1975 2078 2059 praeterita,

431 2095 623 2142 conservare
647 2078 836 2165 praesentia
859 2081 892 2141 et
914 2075 1034 2141 donare
1057 2083 1204 2142 ventura.

1193 2403 1318 2468 XLIII.

835 2558 1010 2625 RURIGII
1032 2558 1095 2623 AD
1118 2559 1317 2626 DOMNUM
1340 2558 1673 2629 consularium.
2109 2582 2135 2621 rs

380 2703 392 2762 1
537 2677 601 2772 Dr
624 2705 750 2773 deliciis
773 2707 971 2773 transmissis
995 2708 1119 2792 gratias
1142 2729 1205 2793 ago
1229 2713 1272 2789 et,
1300 2713 1456 2792 quantum
1478 2706 1659 2787 indicastis,
1689 2713 1817 2772 tantum
1840 2729 1891 2772 me
1914 2716 2077 2776 utrarum-

429 2830 491 2896 que
522 2811 630 2876 arium
664 2813 848 2899 suscepisse
882 2811 1040 2898 significo.
1092 2811 1253 2895 simulque
1282 2811 1380 2875 etiarn
1408 2831 1468 2896 per
1497 2830 1615 2896 pueros
1644 2811 1749 2895 ipsos,
1785 2812 1838 2896 qui
1869 2813 1961 2878 nobis
1994 2813 2078 2879 haec

429 2913 625 2992 detulerunt,
649 2921 761 3002 tergus
786 2937 945 3003 aprunum
968 2937 1020 2980 me
1043 2914 1159 3001 pietati
1182 2921 1259 2980 tuse
1282 2913 1390 2978 indico
1412 2914 1645 2995 transmisisse,
1673 2921 1719 2994 ut,
1749 2913 1825 2978 dum
1848 2937 1908 2981 nos
1932 2918 2079 2982 volatilia

377 3021 396 3080 2
429 3039 512 3104 quae
542 3020 747 3084 transmisisti
776 3018 981 3102 deliciamur,
1015 3026 1050 3084 tu
1078 3018 1198 3105 bipede
1227 3017 1269 3082 de
1300 3017 1512 3104 quadrupede
1542 3017 1628 3083 iacto
1658 3019 1797 3084 satieris.
1842 3021 1934 3085 cuius
1967 3029 2077 3086 tamen

428 3123 512 3186 malo
543 3143 640 3187 carne
669 3145 766 3210 quarn
793 3125 861 3189 vita
890 3123 1046 3211 capiaris,
1079 3123 1155 3209 quia
1184 3123 1238 3207 qui
1270 3143 1402 3207 semper
1429 3121 1469 3187 de
1499 3122 1721 3187 saecularibus
1750 3123 1873 3208 cogitat
1904 3131 1937 3188 ct
1958 3126 2079 3211 iugiter
2108 3139 2135 3178 2⁰

427 3231 557 3291 terrena
593 3227 781 3308 meditatur,
820 3227 895 3292 huic
930 3228 1087 3292 animanti
1119 3248 1139 3290 a
1176 3227 1339 3313 scriptura
1371 3225 1483 3290 divina
1516 3227 1630 3291 merito
1666 3234 1886 3312 comparatum
1926 3231 2001 3315 quia
2036 3228 2078 3294 de

427 3331 577 3395 omnibus
600 3331 795 3396 animalibus
820 3333 908 3397 solus
938 3333 1033 3397 homo
1063 3330 1210 3396 sublimis
1240 3337 1370 3396 creatus
1399 3336 1451 3394 est
1478 3336 1512 3394 et
1539 3329 1691 3414 effectus,
1721 3338 1758 3393 ut
1785 3339 1953 3397 auctorem
1982 3353 2077 3397 suum

427 3456 555 3522 semper
579 3436 670 3500 caclo
694 3437 840 3500 intentus
856 3436 1003 3522 aspiciat,
1028 3456 1091 3500 non
1113 3434 1292 3499 mundialia
1308 3455 1410 3521 opera
1426 3435 1496 3498 solo
1512 3432 1751 3498 incessabiliter
1768 3433 1895 3500 defixus
1913 3444 2077 3502 exerceat.

1191 3763 1313 3831 XLIV.

561 3917 624 3983 AD
647 3916 845 3984 DOMNUM
868 3917 1142 3985 AMBROSIUM
1164 3918 1423 3986 EPISOOPUII
1445 3919 1660 3986 RURIOIUS
1684 3919 1942 3986 spiscopus.
2106 3937 2132 3977 as

376 4101 389 4159 1
525 4075 747 4186 Arosromca
770 4109 947 4190 praecepta
968 4124 1028 4168 nos
1052 4111 1269 4185 commonent,
1292 4111 1330 4168 ut
1352 4125 1372 4168 a
1391 4102 1508 4189 quibus
1525 4102 1636 4170 diviua
1651 4101 1860 4189 percipimus,
1883 4103 1930 4166 eis
1945 4109 2077 4167 terrena

425 4207 650 4294 praebeamus.
701 4207 785 4290 qnod
815 4228 871 4271 uos
894 4208 946 4271 vel
975 4208 1008 4272 iu
1037 4207 1098 4272 hac
1129 4208 1301 4272 dumtaxat
1329 4215 1422 4294 parte
1446 4213 1616 4272 servantes
1643 4227 1702 4293 pro
1732 4207 1930 4272 caelestibus
1958 4208 2075 4294 epulis,

426 4333 507 4398 quas
531 4311 625 4375 nobis
648 4316 682 4376 et
704 4330 852 4376 sermone
876 4311 949 4376 viro
973 4319 1006 4376 et
1028 4317 1158 4399 patrum
1182 4313 1378 4378 tractatibus
1400 4311 1605 4392 ministratis,
1632 4311 1799 4396 legumina
1821 4311 1946 4375 marina
1968 4318 2076 4375 trans-

425 4416 587 4490 misimur;
611 4434 669 4501 pcr
690 4414 773 4480 lra'ec
796 4415 841 4479 nil
864 4437 924 4480 nos
947 4416 1069 4481 habere
1091 4417 1260 4503 proprium
1285 4416 1547 4502 comprobantes,
1571 4415 1734 4501 siquidem
1757 4422 1790 4479 et
1812 4415 1965 4480 edivinis
1982 4415 2075 4479 bonis

373 4525 393 4586 2
426 4539 551 4600 sumus,
582 4540 752 4604 quassos
781 4518 940 4601 tribuitis,
970 4521 1135 4606 peregrini
1163 4526 1197 4585 et
1219 4520 1312 4585 robis
1340 4521 1516 4607 peregrina
1538 4520 1800 4585 transmittimus.
1844 4520 1970 4603 itaque,
2000 4520 2077 4604 quia
2104 4535 2131 4572 ³⁰

423 4646 482 4689 nos
506 4645 525 4688 a
548 4623 675 4689 mannis
699 4623 898 4688 caelestibus
920 4625 1073 4690 exsulare
1098 4632 1131 4689 et
1154 4625 1233 4691 solis
1263 4625 1402 4691 terrenis
1433 4625 1566 4690 sedibus
1601 4622 1756 4688 incubare
1785 4624 2026 4707 cognoscimus,
2056 4646 2076 4688 a

425 4728 519 4792 vobis
549 4727 724 4813 specialius
747 4729 964 4814 postulamus,
994 4735 1031 4793 ut
1059 4729 1142 4793 haec
1165 4729 1274 4794 aliena
1297 4749 1316 4794 a
1338 4729 1433 4794 nobis
1455 4728 1598 4793 libenter
1620 4728 1769 4813 accipere
1794 4733 1827 4791 et
1849 4733 1960 4792 restra
1982 4727 2076 4791 nobis

425 4832 604 4918 dignemini
627 4831 817 4917 frequenter
839 4831 1039 4919 impendere.
1084 4831 1166 4896 illud
1190 4833 1233 4897 sit
1260 4832 1459 4914 affectionis,
1487 4832 1550 4896 boc
1577 4831 1766 4904 ministerii;
1797 4830 1876 4894 illud
1906 4830 2075 4894 doctrinae

424 4941 620 5023 praestetur,
643 4935 704 5000 hoc
727 4936 863 5021 gratiae.

528 5179 545 5231 8
562 5177 665 5232 Matth.
684 5177 718 5244 X,
735 5177 777 5234 22.
867 5177 900 5232 21
919 5177 954 5234 II.
972 5179 1046 5233 Patr.
1063 5177 1099 5244 11,
1116 5178 1158 5233 22.

527 5318 778 5372 2ᾱουὶοῑίεεῐπιοθ
847 5320 1038 5372 uenerabileG
1141 5317 1313 5372 3leonoioG
1416 5317 1566 5384 lnouiatc,
1584 5333 1638 5370 ror.
1656 5317 1705 5369 tG
1808 5316 1890 5370 linos
1909 5317 1989 5368 nostis
2006 5333 2074 5367 corr.

424 5424 475 5458 nou
500 5409 581 5458 nostis
601 5405 640 5458 θ’
763 5406 983 5475 tlpracstauitG
1069 5407 1312 5459 miscricordiam&
1433 5405 1464 5456 11
1487 5403 1777 5456 consummationomG
1900 5401 1932 5455 13
1955 5400 2075 5468 uentura]

424 5495 480 5545 linit
497 5495 599 5545 adds}
701 5493 735 5548 15
752 5496 869 5548 sancte
938 5493 1109 5562 domnumlt}
1214 5494 1247 5547 18
1263 5494 1346 5547 tuaG
1449 5491 1482 5543 21
1501 5493 1667 5544 terrenamtl
1736 5491 1860 5542 animanti
1875 5485 1901 5555 a]
1917 5488 2074 5554 Littjodanrr,

424 5582 615 5633 animantiaetl
713 5581 748 5634 22
765 5580 880 5648 effectus]
897 5584 987 5634 malim
1004 5592 1106 5636 erectus
1208 5581 1243 5633 25
1260 5575 1431 5646 domnum]G
1534 5575 1569 5628 26
1587 5575 1643 5643 nos]
1660 5577 1707 5641 0²,
1725 5595 1776 5629 non
1792 5577 1832 5629 0¹
1936 5571 1971 5626 30
1988 5573 2073 5641 uobis]

425 5666 583 5733 lsrltjodann,
601 5685 647 5720 uos
669 5669 691 5719 G
813 5668 846 5722 31
866 5669 979 5738 mannis]
998 5672 1097 5738 scripsi,
1120 5671 1223 5722 marinis
1243 5669 1274 5732 G,
1298 5667 1393 5720 mensis
1411 5665 1570 5731 Liitjclrcnn,
1592 5667 1626 5732 cf.
1646 5665 1747 5715 Incenc.
1766 5681 1846 5715 carm.
1864 5663 1891 5712 in
1909 5659 1993 5712 Encd.
2011 5663 2076 5712 663:

425 5771 595 5821 mennamque
613 5757 746 5808 caelestem
850 5756 884 5810 33
902 5756 1041 5826 doctrinas]
1060 5759 1184 5824 coquinae
1202 5757 1266 5807 coni.
1280 5755 1421 5806 dinanum
1525 5749 1559 5802 34
1576 5753 1713 5819 praescitur
1733 5751 1764 5814 G,
1782 5757 1927 5818 praestatur
1946 5747 2064 5798 tbniainr
