4568 6450
882 399 930 458 ΕΤ
948 399 1199 460 coeliomonte.

209 587 295 643 supra
326 587 438 639 quam:
465 571 572 628 5151555
603 567 711 628 homini
743 572 783 628 fui
820 587 904 640 supra
930 587 1015 640 quam

245 673 353 712 morum
380 656 439 711 eius
469 657 592 712 facilitas
622 657 800 728 varietasque
832 657 1015 728 patiebantur

245 743 317 809 10,4;
349 759 447 798 vereor
482 745 652 800 sententiam
682 761 766 815 supra
796 760 882 814 quum
911 743 1015 798 veritas

220 827 332 889 ...habet
349 829 490 900 prolatam
508 831 612 893 13098.

211 913 324 983 [suscipi
335 931 392 968 non
404 915 513 981 debere,
526 919 558 970 ut
570 916 653 972 homo
666 917 757 972 mater
769 915 814 972 dei
829 915 866 970 sit
879 913 909 970 F.
919 913 1016 978 98590

243 1001 278 1066 cf.
297 1001 403 1066 98594.
422 1001 538 1071 988341.

209 1086 358 1142 5555115151
376 1087 524 1141 litterarum
540 1088 598 1142 iam
616 1087 788 1157 sepultarum
809 1086 894 1156 197,4.

209 1176 376 1244 suspector:
399 1190 508 1229 morum
537 1175 692 1229 vestrorum
722 1175 865 1242 suspector
894 1170 1016 1226 admira·

244 1261 345 1329 torque
373 1259 453 1320 4815
488 1261 533 1328 (cf.
560 1260 698 1330 suspicere
720 1260 789 1326 639.
817 1259 903 1324 7994.
930 1258 1016 1322 9998.

208 1434 366 1501 suspectus:
377 1448 434 1487 555
440 1435 498 1486 tarn
505 1432 658 1502 suspicioni
667 1449 752 1502 quarn
761 1429 904 1501 suspectui
910 1428 1014 1495 19890.

210 1517 390 1589 [suspendere
409 1519 445 1573 ab
464 1518 576 1574 unitate
594 1519 625 1575 F.
643 1517 761 1584 288,24].

209 1621 321 1658 susurro
341 1606 426 1671 83,13.

209 1693 306 1744 sutor:
325 1707 429 1762 gurges
448 1691 482 1746 de
500 1691 642 1747 sutoribus
660 1690 819 1746 fabularum
837 1688 906 1753 49,6.

209 1794 276 1831 suus
301 1778 356 1832 loco
373 1778 547 1846 pronominis
570 1776 793 1832 deramsstratioi:
815 1787 1014 1844 saepenumero

243 1863 432 1932 postulavisti,
450 1867 492 1928 nt,
511 1864 579 1934 quia
591 1861 758 1918 Theoderici
838 1857 1015 1916 commendat

242 1949 356 2019 populis
386 1950 462 2005 fama
491 1950 672 2014 civilitatem,
698 1947 800 2004 litteris
829 1946 884 2001 tibi
909 1946 1014 2000 formae

243 2052 309 2090 suae
328 2035 474 2105 quantitas
552 2037 759 2106 significaretur
771 2033 831 2098 9,11
849 2032 927 2086 sim:
945 2031 1014 2095 994.

245 2122 329 2188 1819.
363 2122 430 2186 183.
459 2123 545 2186 9814.
579 2123 666 2186 4794.
699 2121 767 2187 74,8.
800 2119 886 2183 slat.
921 2117 1014 2180 10995

1808 404 1868 470 481

1068 573 1201 642 saporus:
1221 572 1361 628 Favonius
1385 573 1455 628 flatu
1473 574 1571 642 teporo
1596 573 1749 640 1151555.
1768 559 1871 628 rama.

1102 658 1174 726 epm.
1199 657 1307 726 Vror).

1067 745 1198 814 tergum:
1217 744 1271 797 nisi
1291 744 1430 813 epistulae
1455 747 1566 814 tergum
1591 743 1712 798 madidis
1729 744 1872 800 sordidare

1102 829 1218 882 calamis
1237 828 1460 885 erubesceremus
1478 831 1565 894 3997.

1068 915 1300 972 terriculamenta
1318 915 1510 985 prodigiorum
1529 916 1631 980 10814.

1067 1000 1240 1056 terrisonus:
1259 1003 1290 1055 at
1307 1001 1377 1056 tuba
1394 1001 1531 1058 terrisono
1549 1002 1671 1071 strepuit
1682 1019 1769 1072 grave
1787 1019 1872 1058 rauca

1102 1087 1213 1157 fragore
1231 1086 1260 1142 C.
1278 1087 1365 1143 11408
1388 1088 1434 1155 (cs.
1453 1087 1597 1142 Claudiam.
1624 1087 1655 1142 dc
1677 1097 1748 1144 corta.
1770 1087 1870 1144 motos

1102 1173 1195 1241 1109).

1068 1258 1260 1314 territorium:
1278 1257 1390 1313 facilius
1426 1259 1599 1314 territorium
1634 1259 1730 1330 potuit
1768 1259 1871 1316 habere

1102 1360 1187 1412 quam
1206 1347 1310 1400 terram
1329 1346 1417 1410 13,1s;
1442 1344 1614 1402 territorium
1633 1347 1787 1402 Arvernum
1807 1363 1869 1402 cum

1101 1430 1291 1499 praeterirent
1310 1431 1413 1494 15691.

1067 1517 1190 1572 tessera:
1210 1533 1280 1586 quos
1305 1516 1436 1572 bellicum
1466 1516 1653 1587 militarisque
1678 1521 1782 1575 tessera
1803 1519 1872 1574 terit

1067 1689 1166 1757 tesqua
1185 1687 1330 1759 inhospita
1349 1689 1377 1748 C.
1397 1690 1461 1746 XVI
1472 1690 1514 1746 91.

1067 1775 1248 1843 tetragonum
1266 1777 1353 1840 1499.

1067 1860 1210 1914 tetrarcha
1227 1860 1296 1926 899.

1067 1945 1222 2002 textrinum
1241 1946 1269 2002 0.
1290 1947 1342 2004 XV
1352 1948 1409 2004 196.
1431 1948 1510 2003 XXII
1522 1949 1579 2004 193.
1873 1989 1874 1992 ¹

1067 2030 1169 2086 Thales
1188 2032 1216 2087 C.
1235 2033 1287 2087 XV
1295 2034 1338 2088 44.
1357 2034 1403 2099 79,
1420 2038 1516 2090 555115
1533 2031 1636 2090 ’1111155
1654 2033 1682 2090 C.
1701 2034 1797 2092 1115‘1.

1066 2118 1215 2174 thecatns:
1234 2135 1326 2174 515551
1354 2119 1427 2176 sicut
1453 2120 1561 2190 puerile
1590 2123 1737 2192 computat
1760 2123 1871 2191 gestare

243 2207 454 2286 (pettoriano).
483 2209 585 2272 11598.
618 2208 646 2262 0.
669 2208 725 2262 13.
754 2206 825 2262 1116
851 2205 887 2270 cf.
910 2202 944 2258 dc
967 2202 1015 2257 hoc
1101 2204 1332 2269 ahmateinais.

241 2308 295 2346 555
318 2291 404 2362 Geyer
429 2293 460 2346 io
485 2293 594 2348 ‘Arellio
610 2294 660 2360 scir
675 2289 1017 2359 511555515111
1066 2290 1182 2346 thema:
1200 2291 1303 2360 quibus
1320 2291 1446 2348 themate
1465 2291 1561 2348 oblato
1579 2293 1660 2362 quasi
1673 2292 1871 2363 sanguinariae

237 2393 269 2446 p.
280 2383 358 2446 3155.
375 2407 407 2417 -
429 2378 626 2448 15151551515,
653 2395 726 2450 quae
744 2377 799 2442 sibi
817 2377 861 2444 (=
878 2376 924 2444 iis)
949 2392 1013 2446 pro·

242 2463 377 2518 vinciales
405 2464 516 2534 agenda
545 2463 750 2519 mandaverant
773 2463 861 2527 1098
892 2461 1013 2531 [Christo

241 2549 271 2604 in
290 2566 319 2605 se
338 2553 382 2620 (=
398 2556 437 2620 co)
457 2553 591 2621 operante
610 2550 640 2606 F.
657 2550 756 2620 96811

208 2635 371 2704 syllabatim
390 2637 493 2701 16793.

208 2721 341 2792 [synodus
360 2721 436 2777 Caes.
453 2723 539 2786 9749.
556 2722 612 2794 93].

207 2825 300 2876 synna
319 2809 370 2864 139
382 2826 408 2864 v.
421 2812 446 2865 5.
465 2809 494 2866 G.
512 2809 565 2863 XV
576 2810 618 2864 16.
637 2807 730 2863 XXIII
741 2808 800 2863 195.

206 2893 372 2949 tabellarius
392 2896 476 2960 105,3.
495 2893 817 2962 lasciuissimus.
838 2891 882 2962 [11.
891 2889 997 2960 30835]
1004 2910 1011 2954 ;

241 2982 367 3036 15115155
392 2981 433 3036 fria
457 2982 612 3037 uccubsdis:
639 2980 753 3035 baiulus
779 2978 892 3049 apicum
918 2975 1012 3044 5836,

239 3068 354 3138 gerulus
378 3067 462 3138 (qaod
481 3084 514 3122 cc
538 3072 624 3124 sesac
647 3067 743 3122 551515
767 3065 925 3132 officialium
946 3079 1012 3132 pro-

235 3155 330 3224 511515
336 3155 402 3226 suit)
421 3155 506 3220 5899.
525 3153 570 3224 [11.
587 3153 690 3224 306,7];
707 3173 736 3224 g.
753 3152 865 3223 apicum
878 3151 964 3216 5818,
982 3168 1011 3220 g.

240 3241 426 3310 epistularum
453 3240 522 3306 487,
552 3258 579 3310 g.
604 3239 764 3294 litterarum
790 3238 876 3305 9814.
907 3237 1009 3302 10814.

242 3325 343 3392 10190.
363 3327 440 3394 145,8
458 3325 617 3396 [1133830.
630 3325 750 3395 345955
769 3324 882 3395 apicum
900 3323 1011 3378 oblator

240 3413 325 3481 5817.
344 3413 436 3481 99,19;
454 3411 680 3482 551111515717.
698 3411 784 3476 5811.
805 3410 905 3474 11794.
924 3410 1010 3475 1189,

239 3499 351 3568 apicum
362 3518 390 3570 p.
400 3499 479 3563 9896
490 3498 533 3565 [F.
543 3498 646 3563 97819.
656 3498 698 3552 37.
708 3497 811 3563 97194.
820 3497 896 3552 0555.
905 3495 1009 3561 elam.

240 3585 273 3640 R.
293 3586 397 3654 304,14.
415 3585 519 3648 31899.
539 3585 634 3648 39796
652 3588 677 3638 ct
694 3584 732 3637 sic
748 3584 842 3652 scepei.

205 3670 303 3724 tabula
329 3671 456 3726 rostralis
481 3670 553 3739 17,1;
584 3669 676 3724 atum
703 3668 866 3739 Capitolina
889 3668 956 3735 179.
976 3697 1009 3708 -

239 3756 515 3822 15551551515549.
534 3755 620 3821 9090.
640 3756 725 3822 1449.

206 3842 341 3898 tabularii
360 3844 450 3908 89,17;
469 3841 627 3899 tabularius
644 3841 714 3906 684.

202 3930 315 3983 tacere:
334 3929 408 3984 sicut
430 3929 467 3983 ab
489 3946 522 3984 so
546 3929 621 3998 quod
646 3930 689 3983 est
711 3943 809 3996 sapere
897 3925 1009 3996 sapien-

238 4014 307 4068 tiam
320 4015 506 4080 nominamus,
578 4015 613 4069 ab
632 4031 665 4070 eo
683 4013 759 4084 quod
779 4017 822 4069 est
840 4029 899 4068 esse
917 4029 1009 4070 essen·

237 4100 308 4154 11551
326 4141 372 4156 ...
392 4119 448 4158 555
466 4105 591 4158 tacemus
608 4102 713 4167 93819.

206 4185 352 4240 taciturire
371 4189 456 4252 1489.

204 4270 357 4338 [taediosus
376 4274 418 4339 (=
432 4273 521 4326 morbo
539 4273 660 4340 51151155)
679 4273 709 4328 Ε.
728 4273 844 4344 978351

203 4356 263 4410 tam
283 4397 325 4412 ...
345 4374 429 4426 qnam
442 4378 457 4416 r,
468 4358 540 4413 illud
551 4359 694 4428 peculiare
707 4363 788 4416 tuum
801 4363 845 4414 est
862 4399 913 4425 ...,
932 4359 1007 4430 quod

238 4444 295 4495 tam
319 4443 368 4512 qni
395 4446 424 4497 te
447 4444 624 4498 aemulentur
650 4462 707 4499 non
735 4445 821 4500 habes
843 4462 928 4515 quam
948 4463 1007 4502 non

236 4527 346 4584 invenis
364 4531 413 4600 qui
431 4530 681 4600 55555515197,16
700 4532 745 4598 (cf.
763 4549 848 4600 quam
927 4533 1006 4600 tam).

202 4616 411 4670 1551551555
438 4632 491 4686 ego
515 4618 610 4670 tamen
635 4619 748 4670 tantum
771 4617 825 4673 mei
851 4616 1006 4672 meminens

235 4717 292 4755 non
311 4718 381 4764 snm,
400 4704 433 4756 ut
512 4718 689 4772 praesumam
707 4702 794 4768 9699.

202 4786 348 4858 tapinoma
365 4789 452 4853 5813.

201 4871 440 4930 Tauromenitana
459 4876 487 4930 (l.
505 4875 544 4930 IX
556 4876 615 4930 166.

200 4962 454 5030 temperamentum
475 4961 560 5028 9395.
582 4962 756 5028 61,8.81,19.
778 4961 879 5028 10199.
902 4959 1005 5026 13490.

200 5135 406 5204 tempestuosus
424 5133 493 5200 584.

201 5219 365 5290 [temporius
382 5225 527 5290 55555151.
546 5221 578 5274 n.
598 5221 714 5292 339,13].

200 5314 323 5386 [tempus
353 5315 505 5370 5511555511
529 5318 563 5370 51
598 5332 661 5371 eum
691 5315 746 5386 ipsi
773 5317 837 5386 post
863 5315 1006 5372 modicum

233 5401 419 5458 restitueretis
438 5400 605 5458 incolumem
625 5404 659 5456 a.
677 5402 793 5474 348911

199 5495 318 5565 [tenusz
343 5497 428 5552 verbo
451 5499 533 5552 tenus
563 5497 646 5553 homo
673 5496 825 5554 deauratus
852 5500 908 5562 est,
935 5497 1004 5554 deus

232 5599 331 5638 aurum
349 5587 393 5639 est
411 5584 441 5639 F.
459 5585 555 5650 96598
572 5583 608 5650 cs.
627 5583 763 5650 Woelfflin
779 5583 812 5638 ia
829 5585 937 5642 ‘Arcas
954 5586 1004 5651 fair

232 5669 277 5722 fut
296 5669 447 5739 1451115513
464 5672 514 5726 551.
532 5670 675 5740 154911

301 5824 428 5880 Sincaius.

1100 2377 1251 2448 geniturae
1268 2378 1381 2434 schema
1398 2378 1538 2448 patuisset
1556 2380 1640 2443 1484.
1659 2411 1692 2420 -
1710 2379 1776 2434 huie
1794 2396 1870 2436 eram

1101 2465 1221 2519 themati
1238 2463 1423 2520 incubaturus
1443 2465 1520 2531 1813
1536 2466 1571 2531 cf.
1590 2465 1704 2530 73916
1721 2467 1757 2522 ut.

1067 2548 1167 2604 theta:
1186 2548 1235 2618 qui
1254 2549 1332 2604 valet
1350 2550 1507 2606 exarationi
1529 2550 1694 2606 destrictum
1711 2552 1802 2609 bonus
1820 2569 1869 2622 ap·

1101 2635 1208 2706 plicare
1225 2636 1306 2692 theta
1323 2635 1353 2692 G.
1371 2635 1410 2692 IX
1418 2635 1479 2692 335.

1066 2721 1191 2790 thymele
1209 2724 1260 2778 165
1273 2739 1298 2776 v.
1309 2723 1353 2778 69.

1066 2808 1173 2864 tiaras:
1192 2808 1341 2878 positoque
1358 2807 1433 2864 tiara
1449 2807 1548 2864 frmera
1566 2809 1725 2864 Crassorum
1744 2810 1823 2866 flevit
1841 2810 1870 2866 C.

1102 2895 1215 2959 vllem
1240 2895 1369 2949 lunatum
1393 2892 1447 2948 tibi
1467 2894 1592 2950 flecteret
1616 2894 1718 2950 tiaram
1737 2895 1871 2952 CXXIII

1099 2981 1159 3036 954.
1184 3011 1217 3020 -
1241 2981 1386 3036 tiaratus:
1409 2979 1484 3034 inter
1506 2983 1633 3052 satrapas
1656 2999 1756 3052 regum
1783 2977 1870 3038 tiara·
1924 3000 1927 3009 ¹

1100 3070 1193 3123 torum
1214 3068 1317 3133 19818.

1065 3154 1175 3212 11515115
1193 3170 1263 3208 sura
1282 3155 1333 3210 165
1347 3171 1370 3208 v.
1382 3153 1426 3208 81.

1065 3241 1183 3296 'flainus
1201 3241 1231 3296 0.
1250 3239 1372 3294 vllem.

1062 3327 1175 3398 tigriier
1192 3327 1332 3397 Niphates
1351 3326 1379 3381 C.
1398 3325 1494 3380 11444.

1062 3412 1271 3470 tinnibulatus:
1290 3414 1366 3468 inter
1387 3427 1487 3484 greges
1512 3411 1700 3468 tinnibulatos
1719 3414 1869 3482 (tintinna-

1097 3499 1209 3556 bulatos
1229 3499 1263 3566 T)
1280 3500 1367 3564 9593.

1062 3585 1248 3651 titulantur.
1268 3587 1353 3652 3694.
1375 3586 1476 3649 13198.

1062 3672 1168 3728 1515555
1186 3673 1245 3738 581
1263 3673 1300 3739 cf.
1319 3673 1394 3728 tofus
1413 3671 1441 3728 (1.
1461 3671 1540 3728 XXII
1553 3673 1613 3728 996.

1062 3770 1198 3838 togatus:
1216 3767 1301 3832 3690.
1321 3767 1399 3832 9698
1416 3768 1450 3834 cf.
1470 3768 1521 3824 165
1533 3785 1559 3821 r.
1570 3769 1629 3823 106.

1060 3868 1165 3932 torques
1180 3864 1322 3918 castrassem
1340 3863 1370 3918 0.
1388 3863 1511 3918 511518.

1061 3958 1144 4013 151115
1163 3959 1249 4024 4999.

1060 4057 1159 4110 torus:
1177 4071 1295 4123 quorum
1313 4053 1393 4123 ripae
1412 4051 1523 4120 torique
1540 4052 1644 4122 passim
1659 4051 1773 4120 quernis
1791 4067 1868 4108 acer·

1094 4140 1194 4209 nisque
1212 4139 1372 4195 nemoribus
1390 4137 1584 4193 vestiebantur
1601 4137 1670 4203 696.

1059 4236 1115 4290 1511
1128 4259 1161 4282 =
1173 4251 1276 4290 mmm:
1290 4233 1419 4304 plerique
1434 4233 1591 4288 laudabant
1603 4231 1765 4290 facundiam
1779 4235 1866 4297 tuam,

1094 4321 1209 4392 plurimi
1227 4315 1386 4390 ingenium,
1409 4319 1463 4374 toti
1481 4319 1616 4390 pudorem
1633 4319 1711 4384 1689
1732 4319 1768 4384 cf.
1783 4321 1867 4384 1499.

1093 4409 1172 4473 4094
1187 4409 1203 4475 (
1205 4408 1263 4476 515).
1282 4407 1367 4472 6698.
1390 4407 1459 4470 799.
1486 4406 1586 4471 11810.
1613 4405 1697 4469 1158.
1717 4405 1818 4469 15390.
1837 4406 1866 4461 C.

1094 4495 1217 4550 1119-
1228 4495 1288 4548 sim.
1306 4493 1350 4548 vir
1368 4495 1411 4548 est
1428 4507 1550 4560 namque
1562 4491 1650 4546 totius
1666 4492 1867 4561 popularitatis

1094 4580 1203 4636 alienus
1225 4581 1319 4644 11699
1326 4601 1332 4642 ;
1356 4580 1390 4645 cs.
1409 4577 1543 4642 Woelfflin
1567 4577 1600 4630 15
1623 4577 1732 4632 ‘Accola
1748 4578 1797 4645 scir
1819 4579 1865 4632 151.

1095 4665 1244 4736 5111115513
1263 4667 1310 4723 col.
1321 4665 1378 4722 111.
1395 4681 1422 4734 p.
1435 4671 1492 4719 470.

1061 4760 1106 4830 [ex
1124 4764 1184 4817 toto
1204 4761 1233 4817 F.
1251 4763 1354 4826 96819.
1374 4760 1404 4816 h.
1422 4757 1536 4828 990911.

1060 4855 1194 4910 trabealis
1213 4855 1365 4921 alleca
1384 4855 1529 4912 trabeatus
1546 4855 1598 4918 86.
1617 4852 1704 4916 1319.

1059 4952 1196 5006 tractator
1213 4950 1300 5016 3193.
1317 4952 1352 5006 63
1365 4969 1391 5006 v.
1403 4951 1428 5007 9.

1002 5065 1004 5070 ’
1059 5044 1274 5102 tractatorium:
1292 5043 1317 5100 it
1335 5045 1365 5102 in
1386 5043 1582 5100 tractatorium
1601 5043 1732 5112 frequens
1751 5046 1865 5100 senatus

1094 5131 1179 5194 1195.

1058 5227 1192 5280 tractus:
1217 5225 1286 5294 5515
1320 5228 1350 5281 51
1383 5225 1561 5280 Aremoricus
1590 5223 1714 5294 piratam
1753 5224 1865 5280 Saxona

1092 5313 1199 5365 tractus
1219 5314 1263 5378 (=
1281 5311 1362 5382 regio)
1382 5311 1514 5382 sperabat
1531 5311 1561 5366 (l.
1580 5311 1633 5366 VII
1645 5310 1705 5365 370.

1057 5406 1201 5460 traharius
1220 5407 1287 5471 955.

1057 5499 1242 5555 transcribere
1261 5501 1305 5568 (=
1317 5499 1433 5556 1155511511
1444 5499 1475 5554 dc
1484 5499 1660 5568 pommaiorsc)
1675 5520 1681 5554 :
1700 5501 1864 5572 transcripsi

1091 5586 1216 5641 Cilicas:
1245 5586 1297 5641 hos
1324 5585 1445 5658 Magnus
1472 5586 1583 5642 fuderat
1607 5585 1675 5641 olim
1705 5586 1734 5641 0.
1759 5587 1786 5642 II
1799 5589 1862 5651 4623

1093 5672 1138 5742 [cf.
1157 5672 1187 5727 F.
1206 5672 1320 5740 968191.

1621 5828 1653 5881 ol
