4612 6428
415 383 480 448 266
929 384 1059 441 l'AUS'l'l
1077 382 1320 450 ALIORUMQUE
1340 381 1551 438 EPlSTUth.

316 559 352 634 θ
386 554 504 642 8quod
525 555 559 621 in
582 556 711 622 homine
734 557 840 643 gratia
863 565 923 638 est,
948 559 979 623 in
1003 557 1065 623 deo
1088 567 1206 625 natura
1229 571 1289 623 cst.
1334 563 1368 624 et
1389 565 1580 645 propterea,
1604 558 1680 644 quia
1702 556 1784 622 nihil
1807 557 1838 620 ei
1860 557 2070 620 extrinsecus

416 659 571 742 accessit,
601 661 682 726 nihil
710 661 740 727 ei
767 660 896 726 detrahi
927 669 1046 748 potest.
1090 662 1320 728 detrimentum
1347 683 1410 727 non
1442 663 1575 749 recipit,
1606 663 1684 748 quia
1709 662 1816 726 nescit
1844 667 2070 746 augmentum.

417 763 555 850 ipsepet
585 764 648 830 sibi
677 770 792 830 auctor
820 771 853 831 et
880 765 961 832 filio:
995 768 1072 854 quia
1101 788 1165 833 una
1193 768 1284 853 origo
1314 772 1364 832 est
1391 773 1424 830 et
1453 767 1551 831 fontis
1579 773 1613 832 et
1643 766 1803 844 fluminis,
1833 771 1868 832 et
1898 764 1950 830 his
1981 784 2067 849 quae

386 866 541 954 flahsque
576 868 669 933 initio
704 869 827 935 habant
856 872 1039 936 communio
1067 880 1135 953 est,
1167 871 1342 937 transfusio
1373 891 1437 936 non
1468 879 1530 936 est.
1582 879 1617 938 et
1644 872 1719 958 quia
1748 870 1789 936 de
1819 871 1886 936 filio
1915 871 2068 956 legimus:

418 971 572 1058 splendor
594 979 646 1038 est
668 973 825 1040 claritatis
852 973 921 1056 dei,
952 977 1035 1041 sicut
1063 998 1238 1062 numquam
1269 976 1350 1042 deus
1378 977 1448 1040 sine
1477 975 1669 1062 splendore,
1699 977 1745 1040 ita
1774 983 1868 1063 pater
1890 995 2069 1060 numquam
2098 985 2112 1025 ⁵

416 1074 477 1141 fuit
506 1077 576 1143 sine
602 1077 660 1143 lilii
689 1078 874 1144 maiestate.
923 1086 956 1144 et
983 1078 1067 1144 sicut
1095 1080 1264 1166 utriusque
1303 1099 1470 1166 aequaeva
1502 1085 1578 1144 sunt
1610 1079 1744 1145 nomina
1777 1079 1854 1164 (nisi
1884 1080 1970 1144 enim
2004 1078 2070 1144 iste

416 1187 617 1262 nasceretur,
640 1188 736 1268 pater
757 1182 812 1248 illo
835 1203 901 1248 non
923 1182 1113 1268 diceretur),
1135 1184 1183 1249 ita
1206 1205 1262 1249 eos
1284 1184 1354 1248 sine
1378 1185 1585 1270 separatione
1602 1191 1734 1250 coercet
1749 1185 1845 1249 unius
1861 1183 2068 1270 paternitatis

415 1283 603 1369 antiquitas.
649 1307 692 1351 ex
715 1287 771 1351 illo
796 1294 858 1366 est,
881 1287 940 1352 sed
961 1287 1124 1374 posterior
1146 1287 1203 1352 illo
1225 1308 1289 1352 non
1313 1294 1371 1369 est,
1395 1287 1481 1350 siout
1503 1288 1605 1354 facies
1628 1287 1670 1354 de
1694 1288 1802 1374 capite
1826 1287 1980 1368 nascitur,
2005 1307 2068 1352 nec

416 1394 526 1456 tamen
550 1391 657 1476 capite
680 1413 739 1456 suo
763 1392 869 1457 iunior
891 1391 1070 1457 invenitur:
1093 1413 1130 1456 ac
1154 1391 1201 1456 sic
1218 1391 1298 1457 deus
1315 1397 1429 1456 noster
1444 1412 1505 1456 nec
1519 1392 1701 1478 permixtus
1717 1393 1750 1456 in
1766 1392 1913 1479 personis
1928 1391 2069 1478 propriis

366 1495 475 1559 10uec
497 1492 638 1576 divisus,
661 1517 726 1560 una
748 1495 852 1561 virtus
880 1517 942 1562 nec
971 1502 1136 1584 potestate
1160 1497 1266 1562 divisa
1287 1518 1349 1563 nec
1372 1505 1530 1584 tempore.
1575 1499 1660 1563 sicut
1681 1499 1715 1562 in
1738 1497 1922 1562 substantia
1943 1497 2066 1583 triplex
2098 1510 2126 1550 ¹⁰

416 1605 477 1677 est,
500 1597 577 1686 quia
597 1598 661 1664 sibi
683 1601 821 1686 quisque
845 1600 1002 1683 subsistit,
1024 1601 1072 1665 ita
1093 1603 1127 1666 in
1150 1600 1334 1667 substantia
1355 1601 1494 1687 simplex
1516 1609 1576 1682 est,
1601 1602 1676 1688 quia
1691 1623 1776 1666 unus
1792 1622 1828 1666 se
1843 1602 1950 1687 ipsum
1969 1621 2069 1687 prae·

368 1705 403 1768 11
418 1701 536 1770 cedere
563 1703 714 1770 nesciens
743 1725 805 1769 neo
832 1703 1046 1789 posteriorem
1075 1705 1192 1791 recipit
1214 1725 1274 1770 nec
1297 1703 1450 1790 priorem.
1494 1703 1570 1769 inde
1594 1710 1628 1769 et
1649 1726 1708 1770 nos
1731 1705 1772 1770 de
1794 1705 1857 1770 hac
1880 1705 2070 1792 accepimus

415 1805 641 1894 simplicitate,
670 1807 754 1874 siin
776 1808 869 1873 nohis
897 1808 976 1873 nihil
1006 1809 1050 1873 sit
1078 1809 1263 1888 dissonum,
1290 1808 1370 1874 nihil
1393 1809 1537 1889 varium,
1564 1807 1646 1872 nihil
1672 1808 1856 1889 diversum,
1884 1811 1912 1873 si
1939 1830 2072 1896 semper

415 1910 502 1978 idem
525 1933 600 1978 esse
622 1911 846 1998 probabilibus
869 1911 985 1977 studiis
1009 1919 1042 1978 et
1064 1912 1208 1978 fundatis
1231 1913 1263 1978 in
1281 1912 1411 1978 Christo
1434 1911 1585 1977 sensibus
1602 1912 1775 1992 enitamur,
1797 1919 1833 1978 ut
1848 1913 2070 1977 immutabiles

366 2017 450 2082 rain
479 2016 566 2083 hono
592 2016 686 2082 novis
713 2022 840 2082 tautum
871 2017 904 2082 in
932 2017 1019 2082 diem
1048 2017 1248 2104 profectibus
1274 2017 1494 2084 immutemur.
1539 2017 1580 2082 de
1612 2037 1651 2082 eo
1679 2023 1790 2082 autem
1819 2016 1905 2103 quod
1935 2015 2068 2103 quidam
2099 2031 2126 2070 ¹⁵

415 2120 656 2207 provocationis
680 2141 792 2187 amoro
816 2121 990 2198 consuluit,
1014 2121 1186 2186 salutifera
1208 2128 1241 2186 et
1263 2121 1412 2207 perfecta
1433 2120 1603 2186 meditatio
1626 2126 1677 2185 est
1698 2142 1793 2186 curas
1815 2121 1924 2202 animi,
1947 2121 2069 2208 partito

415 2227 607 2313 perplures
629 2232 781 2291 terrenae
804 2226 961 2311 regimine
985 2225 1042 2304 rei,
1065 2225 1237 2290 sublevare
1261 2231 1294 2290 et
1316 2225 1495 2312 posthaec
1517 2224 1639 2311 triplici
1655 2224 1892 2291 deliberatione
1916 2231 2070 2306 tractare,

367 2328 495 2416 l3quid
522 2328 641 2395 melius
672 2329 714 2394 sit
741 2331 848 2394 locare
877 2330 931 2394 vel
956 2328 1186 2394 administrare
1210 2329 1262 2393 vel
1291 2328 1474 2394 distrahere
1502 2330 1667 2415 propriam
1690 2329 1884 2416 portionem.
1928 2329 2069 2416 primum

415 2454 451 2500 re
472 2454 552 2499 vera
573 2433 694 2499 bonum
716 2439 815 2514 esset,
839 2439 876 2498 ut
893 2431 1017 2499 Christi
1039 2432 1180 2498 famulus
1200 2433 1323 2499 Christi
1345 2433 1501 2520 pauperis
1524 2434 1594 2498 vias
1617 2455 1660 2498 ex
1683 2439 1751 2499 toto
1775 2455 1900 2520 pauper
1922 2432 2069 2500 studeret

415 2535 579 2618 incedere,
602 2537 631 2601 si
652 2535 830 2624 perfectam
854 2539 964 2623 magni
988 2538 1125 2604 alicuius
1148 2539 1337 2605 monasterii
1361 2538 1505 2603 scholam
1520 2540 1573 2604 vel
1589 2546 1679 2604 certe
1695 2539 1879 2604 insulanam
1895 2538 2068 2623 angelicae
2097 2551 2127 2592 ²⁰

415 2642 676 2728 congregationis
698 2642 849 2708 militiam
871 2643 986 2709 liceret
1008 2650 1175 2730 expetere.
1221 2665 1296 2708 nam
1318 2644 1352 2708 in
1374 2642 1483 2708 medio
1507 2643 1632 2708 saeculi
1660 2642 1896 2708 institutionem
1924 2643 2069 2708 eremiti-

366 2752 487 2814 llcam
510 2745 664 2833 proferri,
694 2752 817 2831 quanta
845 2748 1098 2833 magnanimitas
1126 2753 1220 2812 tanta
1243 2753 1294 2812 est
1315 2746 1501 2812 difficultas.
1547 2747 1615 2812 suis
1640 2767 1715 2812 vero
1738 2747 1818 2811 vicis
1840 2767 1920 2812 suae
1941 2746 2071 2834 pondus

418 2852 597 2938 imponere,
620 2849 799 2916 secundum
820 2871 879 2938 pro
902 2851 1029 2916 animae
1053 2851 1254 2916 relevatione
1277 2849 1520 2937 compendium
1552 2849 1611 2916 sed
1636 2850 1880 2938 pervidendum,
1904 2851 1932 2916 si
1953 2851 2071 2938 aliquis

417 2957 558 3024 liliorum
597 2960 665 3020 tam
704 2953 807 3021 arduo
848 2955 1014 3020 sufficiens
1055 2977 1130 3022 csse
1168 2955 1270 3042 possit
1310 2955 1483 3040 obsequio,
1525 2978 1566 3022 ne
1599 2955 1684 3021 forte
1721 2962 1877 3043 paternae
1917 2956 2070 3022 iussionis

417 3059 595 3126 auctoritas
617 3059 651 3124 in
679 3065 807 3147 patrem
829 3097 928 3126 m..
973 3060 1132 3146 optimum
1156 3066 1205 3125 est
1231 3061 1264 3125 in
1293 3059 1435 3125 secundo
1462 3060 1566 3146 gradu
1595 3061 1656 3126 sub
1685 3062 1783 3126 noxio
1811 3060 1980 3126 beneficiis
2008 3059 2067 3124 ad·
2098 3073 2126 3114 ιι

419 3163 639 3230 ministratore
675 3163 872 3242 consistere,
908 3164 937 3230 si
967 3165 1021 3230 vel
1049 3165 1199 3231 voluntas
1235 3171 1390 3251 suppetat
1418 3165 1472 3229 vel
1506 3165 1646 3230 facultas
1680 3165 1911 3230 necessitatem
1942 3186 2071 3231 annuae

371 3267 584 3358 ltpensionis
607 3267 769 3354 impleret.
814 3269 945 3332 tertium
968 3275 1020 3334 est
1042 3291 1101 3355 per
1122 3268 1267 3333 fidelium
1289 3268 1485 3334 famulorum
1509 3269 1617 3334 electa
1640 3269 1763 3335 solacia
1792 3269 1963 3356 impositae
1994 3291 2070 3355 pro-

420 3372 598 3438 curationis
622 3371 737 3438 offioiis
759 3372 820 3437 sub
843 3373 975 3459 propria
998 3394 1036 3438 ac
1060 3373 1186 3437 minore
1210 3371 1429 3438 sollicitudine
1451 3374 1667 3458 quantitatem
1685 3379 1871 3438 reservatae
1887 3373 2071 3459 gubernare

419 3475 623 3543 substantiae
664 3481 698 3540 et
731 3482 895 3562 tamquam
929 3498 989 3563 per
1026 3477 1112 3542 viam
1151 3478 1276 3562 regiam
1310 3482 1380 3541 tota
1418 3475 1643 3542 mediocritate
1676 3478 1829 3563 dirigere.
1878 3477 1964 3563 quod
1998 3499 2073 3542 cum

420 3580 557 3662 suadeo,
591 3579 703 3644 videor
734 3579 786 3644 vel
816 3587 962 3645 nostram
995 3581 1171 3645 utilitatem
1198 3581 1250 3645 vel
1280 3602 1460 3667 pauperum
1496 3581 1650 3667 cogitare.
1703 3582 1735 3645 in
1767 3601 1829 3666 quo
1859 3580 1971 3646 ordine
2003 3603 2070 3647 nou
2099 3595 2127 3634 ³⁰

370 3690 534 3773 ltparum
557 3693 609 3752 est
630 3686 726 3768 lucri,
749 3685 792 3768 si,
822 3691 988 3752 reservato
1009 3706 1086 3767 usu,
1115 3687 1298 3771 proprietas
1321 3684 1531 3751 distrahatur.
1577 3685 1688 3770 itaque
1711 3685 1854 3750 breviter
1874 3683 2069 3765 indicantes,

419 3789 497 3878 quid
518 3790 671 3878 primum,
701 3788 779 3876 quid
807 3789 987 3856 secundum
1016 3790 1133 3876 quidve
1163 3790 1204 3855 sit
1231 3790 1377 3869 tertium,
1410 3790 1603 3855 electionem
1634 3788 1755 3854 iudicio
1779 3790 1832 3855 vel
1861 3788 2072 3875 possibilitati

418 3894 659 3960 reservavimus
682 3894 894 3961 consulentis.
938 3893 1016 3980 quid
1038 3895 1142 3979 magis
1165 3900 1346 3979 competat,
1377 3893 1462 3980 quod
1492 3894 1673 3980 promptius
1703 3894 1808 3978 possit
1838 3893 1981 3979 impleri,
2014 3892 2070 3958 ille

371 3999 584 4066 llinsinuare
608 3999 771 4084 dignetur,
793 4021 851 4086 pro
875 3999 966 4063 cuius
989 3998 1103 4062 timore
1127 4005 1160 4060 et
1184 4019 1294 4062 amore
1319 3998 1499 4062 consolatio
1522 3998 1596 4083 ipsa
1610 4003 1777 4062 tractatur.
1824 3996 1971 4062 dominus
1988 3995 2069 4061 deus

419 4109 533 4170 noster
560 4102 720 4168 beneficia
748 4103 782 4168 iu
804 4102 895 4167 vohis
925 4123 984 4167 sua
1013 4101 1101 4166 felici
1131 4121 1170 4164 ao
1201 4101 1325 4187 placita
1353 4100 1415 4165 sibi
1447 4100 1667 4186 longaevitate
1696 4102 1907 4189 multiplicet,
1936 4099 2067 4164 dominc
2097 4111 2124 4152 ιι

419 4206 567 4296 piissime
591 4212 625 4272 et
648 4206 681 4272 in
705 4205 834 4271 Christo
857 4227 982 4271 summo
1007 4205 1088 4270 mihi
1111 4205 1234 4270 honore
1258 4205 1467 4291 singulariter
1490 4205 1668 4271 excolende
1690 4206 1744 4270 fili.

1221 4501 1266 4564 II.

438 4637 617 4706 DOMINO
640 4636 994 4704 Duvlrvcvlssluo
1017 4639 1076 4704 ΕΤ
1107 4639 1227 4705 ΤΟΤΑ
1250 4639 1460 4704 PIETATIS
1484 4639 1685 4704 VIRTUTE
1710 4637 2049 4704 SINGULARITER

786 4741 1064 4808 EXGOLENDO
1088 4743 1257 4808 FRATRI
1279 4742 1467 4809 RURIOIO
1490 4742 1707 4810 FAUSTUS.

389 4889 404 4952 1
522 4865 565 4958 P
559 4912 684 4958 aorisia
707 4891 878 4957 divinitate
901 4891 934 4956 in
958 4897 1084 4956 secreto
1106 4892 1256 4978 religioni
1279 4914 1421 4978 congruo
1446 4897 1479 4956 et
1502 4891 1767 4976 tranquillissimo
1791 4891 1823 4954 in
1847 4891 1974 4955 silentio
1993 4909 2067 4952 con·
2097 4903 2124 4942 ιο

419 4997 540 5078 stituti,
569 4995 603 5062 in
630 5016 694 5083 quo
723 4995 875 5060 dominus
897 4993 938 5060 ad
967 4995 1150 5080 rubiginem
1180 4997 1280 5082 longa
1310 4997 1487 5061 securitate
1516 4999 1716 5059 contractam
1740 4994 1925 5059 salutiferae
1954 4992 2065 5056 limam

521 5205 689 5274 2reocpit0
775 5203 898 5274 3etbis]
913 5205 1012 5272 ambri,
1029 5223 1061 5258 ex
1074 5205 1114 5256 his
1128 5204 1152 5253 G
1238 5201 1254 5254 6
1273 5204 1325 5255 filio
1339 5219 1406 5255 corr.
1419 5202 1466 5254 filii
1479 5203 1518 5254 0¹
1608 5200 1746 5269 fcosrcet]
1760 5201 1911 5267 Mommsen,
1928 5203 2071 5256 couciter

417 5294 566 5364 acupicto
635 5291 682 5361 sic]
702 5293 853 5357 Mommsen,
870 5291 930 5344 sio
1042 5290 1076 5344 10
1093 5291 1220 5343 diuinaG
1326 5289 1358 5341 12
1376 5291 1510 5357 recepittl
1614 5287 1648 5339 14
1665 5289 1860 5340 inmutabilisG
1965 5289 1997 5342 16
2015 5308 2071 5358 pro·

416 5381 600 5436 vomuonssu
607 5382 615 5414 ¹
705 5379 737 5432 17
750 5375 883 5449 regimine]
898 5379 948 5443 θ’,
964 5377 1123 5448 regioncG¹
1176 5377 1241 5428 rcG
1295 5377 1451 5443 :replicitf¹
1508 5410 1512 5418 -
1539 5376 1572 5428 21
1585 5377 1827 5440 hieromiticamffl,
1845 5378 2017 5429 heremiticam
2032 5379 2071 5428 θ’

416 5467 451 5522 22
468 5465 584 5537 proferri]
601 5468 632 5533 0,
649 5468 763 5536 profiteri
776 5467 895 5520 oausam
1004 5463 1038 5517 24
1056 5467 1108 5518 ianr
1126 5463 1246 5516 acdqu
1324 5464 1488 5530 obsequiuG
1561 5470 1682 5530 paternae
1699 5459 1830 5530 iussionis]
1849 5464 1948 5530 compsi,
1965 5471 2072 5531 paterna

417 5556 474 5610 siaa
492 5553 571 5620 (corr.
589 5563 709 5624 paternae
726 5553 778 5620 ius)
797 5551 906 5605 sonisG
996 5551 1076 5604 25111
1094 5559 1166 5620 patre
1184 5551 1341 5602 desideretur
1359 5551 1423 5602 corsi.
1436 5550 1579 5602 Mammam
1665 5547 1700 5600 28
1716 5551 1872 5623 gubernet]
1957 5550 1992 5602 29
2010 5559 2071 5603 tam·

416 5639 504 5712 quam]
531 5641 686 5707 Mommsen,
709 5640 787 5694 cllG
919 5637 953 5691 31
977 5641 1044 5692 lueri
1066 5637 1097 5706 si]
1121 5639 1200 5691 lucris
1221 5637 1244 5688 G
1375 5636 1409 5691 35
1433 5635 1517 5703 uobis]
1540 5636 1695 5700 Mommsen,
1720 5636 1838 5687 nobisG
1935 5635 2071 5689 domnsG

416 5726 449 5782 ul
468 5725 504 5799 ll]
523 5745 573 5782 om.
593 5728 617 5782 θ
718 5724 753 5782 38
770 5727 944 5781 devictissimo
965 5727 989 5780 G
1091 5724 1125 5778 41
1144 5724 1278 5778 sdatifcra
1295 5723 1372 5778 clima
1392 5725 1423 5791 θ,
1439 5726 1527 5778 limam
1544 5724 1609 5780 coci.
1627 5723 1770 5778 Momasson
