4560 6434
682 399 885 456 AUCTORUM
902 399 1050 456 SIDONIO
1068 401 1322 457 ANTERIORUM.
1770 407 1833 471 373

201 541 202 544 ‘
299 571 481 638 sionim
501 563 850 640 EPISTULARUM

169 676 307 739 vulsa:
326 675 480 730 carminum
509 675 606 731 modos
635 675 688 730 tibi
799 676 974 745 penitissime
1028 677 1526 747 oeam.1129,1:nsni...0mnes
1548 679 1831 735 bonacurtssfami-

271 761 432 816 familiares.
456 762 490 829 cf.
501 763 529 816 Il
541 764 615 826 10,3:
628 762 768 818 trochaeis
777 762 937 832 triplicibus
950 804 972 820 ..
1061 763 1144 818 lieres
1162 767 1235 819 sunt.

271 849 340 902 mihi
360 891 384 904 ..
402 848 648 918 perfamiliaribus.
758 845 763 854 '

246 934 421 1004 :perorandi
498 936 611 1000 flumen,
629 935 704 1004 quod
723 952 780 989 non
798 936 887 990 solum
906 953 974 1006 gen·
1026 935 1237 1004 Pimvllai:
1256 937 1353 991 scribit
1372 937 1473 1006 elegos.
1501 936 1680 1005 gentilicium
1704 937 1757 992 hoc
1779 937 1831 991 illi.

271 1021 392 1075 tilioium
411 1022 459 1076 sed
478 1022 663 1076 domesticum
680 1022 742 1076 tihi.
1061 1021 1099 1075 IX
1109 1022 1189 1086 222:
1208 1022 1285 1091 leges
1303 1040 1373 1092 opus
1396 1023 1523 1091 (eiusdem
1541 1023 1603 1092 ies)
1699 1024 1783 1092 plane
1802 1024 1831 1077 in

1062 1107 1190 1177 Properti
1208 1109 1290 1163 domo
1309 1109 1452 1178 seriptum.

168 1194 305 1260 villas:
326 1211 426 1248 exuere
448 1197 602 1263 utcumque
624 1194 876 1249 continuatissimis
900 1195 973 1249 curis
1026 1193 1096 1247 Stat.
1109 1194 1165 1248 silo.
1179 1195 1218 1248 IV
1229 1196 1290 1259 428
1301 1211 1358 1263 sq:
1378 1212 1448 1249 exue
1466 1195 1539 1249 curis
1557 1197 1655 1264 pectus
1674 1198 1702 1249 st
1719 1197 1831 1252 assiduo

271 1285 300 1335 et
318 1281 408 1336 otium
428 1285 507 1336 tuum
531 1281 652 1335 molibus
676 1281 776 1336 aulicis
793 1282 972 1350 motibusque
1058 1283 1147 1335 temet
1164 1281 1257 1335 furare
1275 1281 1373 1336 labori.
1400 1282 1433 1348 cf.
1446 1281 1716 1350 Verp.Aen.V845:
1734 1285 1831 1337 fessos-

270 1369 371 1422 furare.
1059 1384 1115 1436 que
1133 1367 1227 1422 oculos
1245 1369 1338 1422 furare
1356 1368 1454 1423 labori.

245 1455 307 1508 :ad
326 1454 496 1524 Aethiopum
520 1454 765 1524 gymnosophistas
785 1455 973 1523 ludorumque
1025 1453 1136 1507 Hieron.
1159 1454 1190 1507 ta
1214 1453 1307 1508 Erech.
1333 1455 1391 1508 13:
1419 1454 1552 1508 Indorum
1585 1455 1770 1509 Brachmanes
1802 1459 1832 1509 et

271 1540 444 1595 bracmanas.
1059 1541 1229 1610 Aethiopum
1248 1541 1504 1610 gymnosophistae.

168 1626 306 1690 vulsa:
325 1627 490 1696 pumicatos.
516 1627 548 1692 cf.
562 1627 635 1690 lta.

246 1734 252 1766 :
271 1713 425 1768 venerabili
444 1713 573 1782 squalore
591 1714 751 1783 pretiosum.
1024 1713 1093 1769 Hor.
1106 1730 1128 1769 c.
1142 1714 1168 1768 11
1182 1715 1262 1776 122:
1281 1731 1336 1768 non
1356 1714 1486 1768 indecoro
1505 1715 1620 1783 pulvere
1638 1715 1771 1769 sordidos.

168 1800 304 1863 vulsa:
323 1802 379 1854 fors
398 1801 459 1854 friat
476 1818 522 1856 an.
549 1800 583 1866 cs.
597 1802 700 1864 11217.

168 1887 233 1958 Vlll
241 1888 283 1950 4,1
298 1907 305 1940 ι
323 1904 379 1941 non
397 1887 490 1940 minus
514 1887 580 1941 stilo
598 1905 682 1956 quam
703 1886 807 1942 vomeri
825 1885 971 1939 incumbis.
1026 1885 1099 1938 Plin.
1111 1885 1164 1939 VII
1175 1886 1256 1950 272:
1276 1885 1345 1940 ceris
1364 1888 1393 1939 et
1410 1885 1476 1938 stilo
1494 1886 1640 1941 incumbit.

269 1973 302 2039 cf.
315 1973 388 2038 13‚1.

245 2080 251 2112 :
271 2059 378 2112 domini
397 2060 497 2129 plusne
515 2060 553 2113 sit
571 2060 678 2114 cultum
696 2077 743 2112 rus
761 2077 798 2112 an
817 2059 971 2128 ingenium.
1025 2058 1100 2112 Pla.
1119 2058 1157 2113 1v
1168 2061 1230 2124 62:
1249 2076 1300 2112 nec
1318 2076 1417 2128 agrum
1438 2059 1538 2112 ...sed
1557 2061 1648 2130 ipsum
1667 2080 1711 2116 me
1729 2063 1830 2116 studiis

270 2145 389 2211 cfllssss.
1058 2145 1161 2200 excolo.
1261 2179 1264 2188 .

166 2232 285 2296 vulsa
298 2251 304 2285 :
324 2232 395 2286 citos
413 2233 528 2288 iambos.
1023 2230 1091 2284 Hor.
1103 2248 1126 2285 c.
1138 2231 1151 2284 l
1162 2231 1239 2296 1624
1252 2251 1258 2285 :
1277 2231 1379 2284 celeres
1398 2231 1513 2286 iambos.

245 2316 970 2387 :carminamusicoslloresthymumqueredolentia.
1024 2316 1123 2386 Syram
1142 2317 1181 2371 IV
1193 2319 1275 2383 18‚1:
1298 2335 1360 2372 cum
1391 2318 1518 2386 thymum
1546 2319 1694 2374 facundiae
1722 2321 1830 2390 spirent

1057 2403 1170 2457 litterae
1188 2407 1254 2457 tuae
1274 2443 1332 2458 ....
1352 2421 1428 2458 acres
1442 2405 1541 2458 herbas
1556 2406 1615 2460 olet
1630 2407 1750 2461 rusticus
1769 2449 1774 2460 .
1788 2450 1793 2462 .
1805 2450 1828 2462 ..

1057 2509 1105 2545 vos
1129 2491 1212 2545 amici
1232 2490 1416 2545 Camenarum
1439 2491 1518 2544 flores
1543 2493 1660 2546 ructatis
1679 2493 1827 2548 Heliconis.

1058 2577 1157 2647 Symm.
1177 2578 1278 2641 123,1:
1298 2577 1400 2630 Atticis
1418 2576 1524 2630 salibus
1542 2595 1654 2647 aspersa
1680 2583 1709 2633 et
1732 2580 1829 2648 thymo

1057 2664 1143 2718 odora
1161 2664 1225 2731 (scil.
1246 2664 1371 2732 pagina).

244 2772 250 2806 :
269 2769 287 2804 a
304 2749 498 2805 meditationis
516 2747 626 2802 incude.
654 2747 687 2813 cs.
700 2747 737 2800 lX
750 2748 816 2810 132.

165 2837 231 2892 VIII
241 2839 303 2904 5‚1:
323 2837 376 2891 ibis
395 2838 424 2890 et
442 2839 473 2890 tu
495 2835 525 2888 in
548 2834 667 2904 paginas
686 2835 795 2886 nostras
893 2833 970 2886 vivet
1021 2835 1361 2906 Plin.Poaep.55:ibit
1390 2835 1562 2890 insaecula.
1601 2839 1705 2896 Auscis.
1725 2839 1826 2892 Mosell.
1932 2820 1941 2832 .

268 2923 459 2994 inposterum
479 2921 600 2977 nominis
619 2921 661 2973 tui
680 2919 779 2988 gloria.
1058 2924 1199 2991 (xviiia)
1218 2923 1288 2976 476:
1308 2922 1362 2976 ibis
1380 2922 1409 2975 iu
1429 2939 1478 2976 ora
1496 2923 1647 2977 hominum.

793 3017 796 3022 “
1023 3008 1120 3062 emm.
1139 3009 1194 3062 131
1207 3025 1263 3076 sq:
1283 3009 1355 3063 vivit
1434 3009 1533 3078 gloria.

242 3116 249 3150 ε
268 3096 411 3150 amicitiae
430 3095 557 3150 columen
640 3094 732 3148 decus.
1022 3095 1089 3148 Hor.
1103 3111 1124 3148 c.
1139 3095 1254 3159 Illas:
1273 3095 1356 3149 decus
1375 3094 1567 3164 columenque.
1593 3113 1614 3149 c.
1635 3097 1707 3158 112.

166 3183 303 3246 Vlllaa:
322 3183 392 3236 nihil
413 3185 464 3235 tua
483 3181 535 3234 lide
554 3181 667 3234 firmius.
1022 3181 1096 3234 Plin.
1117 3181 1155 3234 lV
1163 3182 1242 3248 223:
1261 3199 1317 3250 quo
1337 3182 1396 3235 viro
1415 3180 1486 3234 nihil
1506 3181 1619 3236 firmius.

242 3286 355 3338 :prope
387 3271 429 3322 est
462 3270 494 3321 ut
525 3267 694 3321 eminentius
721 3268 868 3319 censeatur
894 3263 969 3332 quod
1024 3267 1098 3322 Plio.
1117 3267 1215 3336 Panep.
1234 3269 1265 3322 31
1287 3288 1293 3322 :
1318 3287 1381 3322 cum
1414 3267 1536 3321 secunda
1570 3269 1678 3332 felices,
1710 3269 1828 3324 adversa

268 3356 459 3424 probaverunt
484 3357 513 3407 te
534 3354 651 3407 adversa
673 3355 862 3414 constantem,
884 3367 967 3418 quam
1057 3372 1175 3422 magnos
1194 3353 1321 3423 probent.
1349 3354 1417 3408 Hor.
1430 3359 1479 3407 sol.
1501 3354 1594 3417 {1853
1606 3371 1641 3422 sq.
1656 3375 1662 3408 :
1680 3354 1826 3423 ingenium

269 3442 291 3494 si
312 3441 437 3495 celarent
455 3440 576 3493 secunda
595 3440 712 3493 felicem.
895 3500 904 3520 ,
1056 3459 1099 3495 res
1117 3441 1250 3494 adversae
1269 3441 1376 3493 nudare
1394 3441 1493 3504 solent,
1513 3442 1603 3494 celare
1621 3442 1767 3496 secundae.

165 3528 231 3581 Vlll
241 3528 282 3592 al
297 3548 303 3582 :
321 3527 477 3596 aequipari.
1022 3527 1127 3580 Aaron.
1146 3527 1238 3581 XXVI
1247 3529 1315 3593 258.
1345 3527 1450 3580 XXVII
1462 3529 1554 3592 11‚14:
1574 3529 1747 3598 aequipares.

245 3615 433 3683 :priusquam
469 3613 533 3678 (ml.
561 3611 672 3678 Caesar)
711 3611 795 3665 vestri
825 3610 969 3680 Arpinatis
1023 3613 1075 3667 (lle.
1095 3614 1174 3667 ant.
1194 3612 1252 3666 72:
1277 3612 1312 3666 de
1340 3614 1457 3667 Caesare
1555 3615 1648 3669 iudico
1745 3616 1825 3669 illum

268 3700 430 3755 testimonio
457 3697 556 3752 ceteris
583 3698 748 3752 mortalibus
774 3697 969 3751 anteferretur.
1055 3701 1179 3754 omnium
1193 3699 1402 3752 l'ereoratorum
1417 3699 1604 3769 Latineloqui
1618 3701 1826 3770 elegantissime

1055 3804 1075 3842 e.
1093 3804 1117 3855 q.
1135 3803 1184 3855 seq.
1203 3787 1234 3852 cf.
1256 3786 1324 3840 siret
1343 3786 1395 3840 Iul.
1415 3789 1457 3840 55.

165 3873 302 3938 valea:
321 3873 344 3927 si
364 3891 451 3944 parva
469 3871 579 3942 magnis
597 3887 763 3942 componere
782 3869 856 3924 licet.
1027 3873 1326 3944 Verp.pe1›rp.lVl'lti:
1344 3872 1368 3926 si
1385 3890 1473 3941 parra
1492 3873 1559 3926 licet
1572 3891 1737 3943 componere
1748 3891 1826 3944 mag·

1055 3960 1107 4016 nis.
1137 3960 1207 4015 stat.
1225 3959 1281 4015 silv.
1300 3960 1313 4013 l
1322 3959 1379 4022 aar
1393 3975 1430 4026 sq.
1460 3959 1506 4014 Oc.
1523 3965 1583 4014 inst.
1595 3960 1617 4014 V
1629 3961 1680 4014 416
1691 3977 1727 4028 sq.

1023 4047 1219 4116 Paavqls:
1238 4045 1370 4099 similiter
1387 4062 1446 4109 nos,
1465 4049 1497 4099 ut
1516 4063 1603 4116 parva
1621 4046 1739 4114 magnis.

163 4132 230 4187 VIII
240 4132 303 4197 6‚3:
322 4132 432 4200 gaudeo
441 4133 477 4185 de
483 4131 717 4201 praestantissimi
726 4130 780 4186 viri
790 4129 968 4190 auctoritate,

268 4218 291 4271 si
305 4219 398 4270 certus
409 4222 459 4281 est,
476 4235 578 4285 amore,
595 4219 617 4272 si
631 4219 747 4273 fallitur.
775 4219 811 4283 cs.
825 4216 891 4270 Vlll
902 4216 968 4279 lea.

243 4324 249 4357 ε
270 4303 366 4356 mundi
384 4304 440 4357 iam
460 4305 635 4359 senescentis.
663 4307 696 4371 cf.
710 4305 836 4364 villar.
1020 4301 1171 4356 Plin.Vlll
1183 4304 1260 4371 lar:
1281 4303 1437 4357 litterarum
1457 4305 1513 4358 iam
1532 4305 1743 4359 senescentium.

243 4389 381 4444 :lassatis
404 4390 493 4444 veluti
517 4391 669 4444 seminibus
692 4391 880 4443 emedullatae
902 4387 967 4454 (scil.
1022 4387 1213 4453 Priamum
1229 4409 1235 4443 τ
1254 4407 1345 4459 neque
1376 4391 1450 4444 enim
1477 4391 1558 4460 quasi
1586 4391 1658 4445 lassa
1685 4394 1714 4445 et
1742 4391 1826 4444 effeta

269 4475 397 4542 virtutes)
425 4493 524 4545 parum
549 4476 656 4544 aliquid
683 4477 735 4529 hoc
759 4480 885 4544 tempore
1054 4477 1157 4527 natura
1175 4475 1245 4528 nihil
1266 4476 1321 4529 ianr
1341 4477 1484 4531 laudabile
1503 4477 1585 4546 parit.

268 4561 425 4614 mirandum
436 4579 469 4615 ac
478 4562 819 4616 memorabileosteutant.
831 4561 861 4627 os.
871 4560 966 4623 [ilai.
1001 4559 1004 4566 ’

166 4648 302 4713 VlllG‚4:
322 4647 375 4701 etsi
400 4648 514 4702 reddere
538 4650 666 4701 mutuum
687 4646 782 4699 videor
807 4647 871 4714 (scil.
893 4645 966 4713 qood
1021 4646 1093 4700 Plio.
1106 4646 1194 4709 Ixai
1212 4666 1218 4701 :
1238 4647 1260 4700 si
1280 4648 1411 4703 laudatus
1433 4667 1451 4703 a
1472 4652 1501 4702 te
1519 4647 1635 4702 laudare
1653 4649 1682 4700 te
1700 4664 1824 4716 coepero,

268 4750 311 4787 me
330 4734 480 4802 laudavit).
505 4734 538 4800 cf.
552 4733 619 4788 VllI
631 4735 696 4796 llll.
1055 4749 1150 4786 vereor
1168 4749 1203 4785 ue
1282 4735 1384 4788 referre
1402 4735 1523 4804 gratiam
1542 4733 1645 4788 videar.

1018 4817 1116 4888 Syram
1136 4818 1233 4883 xla:
1252 4837 1288 4874 ne
1307 4820 1438 4875 laudatus
1523 4819 1676 4873 feneratam
1700 4820 1823 4888 gratiam

1053 4904 1163 4959 viderer
1180 4906 1316 4962 retulisse.
1350 4908 1402 4962 hoc
1422 4905 1556 4976 estquod
1575 4905 1675 4960 aiunt:
1695 4908 1824 4960 mutuum

1054 4991 1167 5046 scabere
1185 4993 1283 5048 mulos.
1313 4994 1405 5059 131‚1.

163 5079 299 5145 vinea:
319 5078 453 5133 votivum.
482 5078 515 5144 qs.
527 5076 566 5132 IV
575 5077 626 5141 52.

164 5165 229 5218 Vlll
239 5167 302 5228 aa:
321 5182 425 5235 magna
432 5163 585 5218 acrimonia
594 5162 966 5217 maiorefacundiamaxima

231 5251 390 5320 disciplina.
418 5250 564 5316 ofilllw.

241 5357 247 5390 :
266 5337 393 5392 Sarranis
412 5336 519 5390 ebriam
537 5335 618 5390 sucis.
645 5336 677 5401 cll
690 5351 711 5388 c.
727 5335 776 5388 XV
789 5337 846 5390 129.
1022 5337 1105 5391 Most.
1124 5337 1188 5391 XIV
1200 5338 1294 5400 lael:
1314 5336 1392 5390 ebria
1405 5336 1538 5390 Sidoniae
1555 5353 1617 5389 oum
1637 5335 1695 5390 sint
1712 5336 1747 5389 de
1761 5353 1824 5390 san·

1054 5423 1141 5492 guine
1154 5424 1283 5478 conchae.
1316 5423 1409 5476 Tubuli.
1424 5422 1551 5484 ivam:
1571 5423 1675 5476 vellera
1691 5423 1740 5475 det
1752 5424 1824 5477 sucis

708 5561 709 5564 ,
1059 5511 1101 5563 bis
1119 5509 1279 5564 madefacta
1297 5509 1393 5578 Tyros.

266 5595 420 5664 palmatam
446 5596 510 5664 plus
532 5595 608 5664 picto
634 5594 774 5654 oratione.
799 5593 862 5663 plus
881 5610 967 5646 aurea
1020 5594 1824 5664 Asscon.prct.cct.(Vlll)ll‚132haecestpictautdici·

266 5682 487 5735 convenustavit.
1045 5679 1100 5734 'tur
1120 5681 1205 5734 restis
1224 5698 1281 5734 non
1299 5681 1389 5751 magis
1407 5698 1475 5735 auro
1493 5698 1543 5735 suo
1555 5698 1638 5749 quam
1656 5682 1712 5734 tuis
1727 5683 1824 5735 verbis.
