4560 6434
408 415 472 476 302
1024 407 1163 465 RURIOII
1181 405 1440 462 EPISTULARUM

321 585 355 658 G
407 585 577 651 abstrusas
599 585 763 672 lapidibus
787 607 934 671 gemmas
957 585 1108 670 propriae
1132 582 1269 647 reddere
1293 581 1517 667 generositati,
1541 601 1624 667 quae
1649 581 1761 666 utique
1783 581 1817 644 in
1838 587 1931 644 tanta
1947 601 2055 644 rerum

355 692 374 754 6
407 690 595 755 confusione
624 691 813 755 amitterent
840 689 1061 768 nobilitatem,
1093 689 1121 752 si
1151 685 1292 752 indicem
1322 706 1386 750 non
1416 685 1586 750 baberent.
1631 705 1897 770 eorumquoque
1921 685 2054 749 harenis

406 793 523 858 vilibus
547 795 687 858 mixtum
709 794 771 860 nisi
794 793 928 858 artificis
952 794 1099 860 sollertia
1122 793 1250 858 eluatur
1272 794 1381 879 aquis,
1410 792 1542 878 ignibus
1565 792 1736 878 eliquetur,
1765 812 1825 856 nec
1848 791 2057 877 splendorem
2077 807 2084 815 '

408 898 530 984 poterit
551 898 696 963 retinere
719 918 780 963 uec
803 898 965 962 meritum.
1011 904 1142 983 saeptas
1166 898 1262 961 etiam
1291 917 1448 981 aquarum
1471 897 1673 960 manantium
1695 916 1797 960 venas
1820 903 1854 959 et
1876 894 2055 960 obductum

407 1007 495 1066 terra
525 1001 655 1068 fluentix
672 1003 802 1067 alveum
835 1002 899 1066 nisi
928 1001 1116 1086 diligentius
1147 999 1371 1066 eruderaverit
1400 1001 1594 1087 appetitoris
1623 1000 1799 1082 industria,
1829 1000 1936 1066 laticis
1965 1001 2054 1064 unda
2094 1015 2107 1052 ⁸

355 1106 373 1168 7
405 1125 470 1169 non
493 1105 582 1171 fluet.
627 1106 673 1170 ita
696 1111 730 1170 et
752 1112 939 1172 tenerorum
963 1104 1069 1168 adbuc
1093 1105 1182 1169 acies
1206 1123 1372 1190 sensuum¹
1390 1104 1594 1188 ignorantiae
1623 1103 1736 1168 nubilo
1765 1105 1857 1189 quasi
1886 1106 2057 1169 crassitate

406 1209 582 1274 scabrosae
605 1208 764 1294 rubiginis
787 1209 925 1274 obsessa
947 1210 1011 1273 nisi
1034 1207 1167 1273 assidua
1189 1206 1331 1272 doctoris
1363 1209 1442 1272 lima
1471 1214 1638 1295 purgetur,
1666 1209 1780 1294 nequit
1807 1215 1922 1296 sponte
1952 1210 2055 1274 clare-

353 1314 372 1376 8
406 1333 509 1379 scere.
555 1319 646 1377 tuum
674 1334 753 1397 ergo
781 1335 883 1390 nunc,
914 1320 1004 1378 tuum
1033 1319 1084 1376 est
1112 1313 1145 1376 in
1172 1312 1222 1375 his
1246 1311 1396 1376 omnibus
1420 1317 1454 1376 et
1476 1312 1620 1398 opinioni
1645 1317 1721 1375 tuae
1745 1319 1778 1376 et
1801 1319 1912 1378 nostro
1933 1314 2058 1400 pariter

407 1417 605 1504 respondere
634 1416 769 1498 iudicio,
804 1437 846 1481 ne
874 1423 931 1482 aut
959 1423 1005 1480 tu·
1024 1416 1285 1503 praesumpsisse
1316 1415 1439 1480 inlicite
1471 1423 1528 1480 aut
1557 1437 1617 1480 nos
1649 1416 1891 1481 inconsiderate
1914 1419 2057 1502 elegisse

406 1522 586 1588 videamur.
1918 1565 1920 1568 -
2086 1536 2112 1574 ¹⁰

1203 1708 1262 1776 Iv.

439 1849 794 1917 DEVINOTISSIMO
818 1849 939 1915 FILIO
964 1847 1237 1924 SEMPERQUE
1261 1847 1514 1913 MAGNIEIOO
1538 1847 1767 1914 HESPERIO
1790 1848 2017 1915 RURIGIUS.

355 2012 370 2073 1
517 1991 642 2082 Renum
666 2015 779 2103 apices
802 2014 1039 2081 unianimitatis
1063 2021 1151 2096 tuae,
1174 2019 1242 2079 tam
1264 2015 1370 2100 gratia
1385 2035 1483 2100 quarn
1500 2015 1701 2100 eloquentis,
1723 2021 1790 2080 tam
1806 2036 1916 2081 amore
1934 2017 2057 2102 pariter

407 2142 503 2206 quam
527 2121 651 2207 lepore,
675 2127 741 2184 tam
765 2119 832 2185 sale
857 2140 952 2205 quam
977 2119 1074 2184 melle
1097 2140 1278 2206 respersas,
1306 2120 1480 2205 inquibus
1504 2141 1564 2184 nec
1587 2118 1753 2185 dulcedini
1777 2121 1911 2188 deesset
1933 2122 2057 2207 aliquid

404 2246 465 2290 nec
494 2225 613 2311 sapori.
658 2224 712 2308 qui
742 2245 815 2288 cum
846 2224 934 2287 omni
965 2223 1116 2288 dictionis
1148 2229 1181 2288 et
1209 2224 1344 2290 rationis
1374 2228 1444 2288 arte
1473 2224 1715 2310 praemineant,
1749 2225 1816 2289 solo
1845 2231 1955 2290 tamen
1978 2247 1998 2290 a
2020 2247 2055 2291 se
2084 2243 2109 2280 ¹⁵

354 2332 374 2392 2
404 2327 558 2393 videntur
580 2326 767 2412 discrepare
791 2326 921 2393 iudicio.
966 2325 1043 2390 dum
1067 2327 1153 2392 enim
1176 2327 1353 2414 paginulae
1376 2346 1470 2390 meae
1492 2348 1557 2391 non
1579 2326 1671 2392 laudi
1695 2333 1791 2413 aptae
1815 2329 1873 2393 sed
1889 2329 2054 2415 vitupera-

406 2433 488 2496 tioni
525 2432 651 2518 ineptia
687 2432 879 2497 rusticitatis
920 2438 1050 2518 aptatae
1085 2432 1208 2497 maiora
1241 2431 1366 2497 meritis
1401 2430 1546 2496 tribuere
1581 2431 1718 2496 festinas
1753 2437 1787 2496 et
1820 2433 1966 2519 sequeris
2002 2435 2054 2499 vel

353 2539 372 2600 3
404 2536 651 2602 declamationis
685 2556 815 2600 cursum
843 2536 896 2600 sel
930 2535 1096 2620 diligentis
1132 2535 1298 2617 affectum,
1334 2556 1354 2600 a
1380 2555 1495 2600 norma
1527 2537 1608 2600 recti
1641 2534 1753 2600 iudicii
1786 2534 1968 2603 declinasti.
2014 2538 2055 2602 ad

405 2661 503 2726 quam
527 2661 596 2706 rem
619 2659 680 2725 ego
703 2637 938 2726 perfectionem
961 2660 1026 2704 non
1049 2640 1254 2724 ignorantiae
1275 2640 1356 2705 vitio
1379 2639 1439 2705 sed
1461 2647 1643 2726 spontaneo
1673 2639 1815 2705 arbitror
1844 2639 2055 2708 descendisse

406 2744 554 2809 consilio:
578 2743 697 2829 triplici
716 2764 760 2806 ex
782 2763 891 2826 causa,
915 2749 951 2808 ut
973 2745 1006 2808 in
1028 2744 1120 2808 tenui
1143 2743 1281 2808 materia
1303 2749 1337 2809 et
1359 2765 1497 2809 acumen
1519 2744 1644 2829 ingenii
1667 2750 1701 2810 et
1723 2745 1788 2808 oris
1811 2744 1998 2810 facundiam
2022 2752 2056 2811 et
2081 2761 2108 2801 ²⁰

352 2856 371 2916 4
403 2849 607 2915 affluentiam
631 2849 790 2914 sermonis
814 2849 1017 2916 ostenderes.
1055 2850 1151 2916 sicuti
1173 2851 1208 2914 in
1229 2850 1340 2916 ieiuno
1357 2856 1455 2937 atque
1472 2849 1577 2914 otioso
1595 2849 1741 2934 caespite
1758 2849 1862 2933 magis
1878 2851 2054 2916 strenuitas

404 2953 538 3018 cultoris
560 2959 708 3040 apparet,
731 2974 804 3017 curn
828 2959 885 3018 aut
908 2954 1120 3020 rebellionem
1143 2953 1316 3038 glebarum
1338 2954 1503 3020 tenacium
1526 2953 1668 3040 repetita
1691 2954 1824 3039 saepius
1839 2955 2054 3041 impressione

403 3056 544 3121 vomeris
578 3055 690 3121 domat
723 3062 780 3121 aut
814 3056 1000 3123 ariditatem
1033 3057 1166 3122 nimiam
1200 3058 1354 3124 stercoris
1388 3057 1579 3145 aspersione
1612 3055 1782 3139 fecundat,
1821 3063 1858 3122 ut
1891 3058 2055 3124 fructuum

404 3162 546 3247 copiam,
577 3181 675 3246 quarn
704 3161 765 3226 soli
793 3167 910 3225 natura
937 3166 1052 3246 negat,
1083 3161 1245 3226 industria
1273 3161 1448 3248 producat;
1484 3162 1530 3227 ita
1559 3167 1594 3227 et
1621 3168 1657 3226 tu
1685 3168 1866 3246 egestatem
1893 3163 2054 3248 epistulae

405 3287 500 3332 meae
524 3264 734 3351 eloquentiae
756 3269 832 3330 tuae
856 3264 1008 3331 ubertate
1024 3265 1147 3346 ditasti,
1168 3272 1206 3331 ut
1220 3267 1325 3352 possit
1341 3288 1427 3347 esee,
1451 3267 1479 3332 si
1495 3287 1567 3332 eam
1584 3265 1817 3351 suppresseris,
1840 3270 1873 3330 te
1888 3266 2053 3352 loquente,
2081 3281 2107 3354 tt

403 3368 596 3442 laudabilis;
627 3369 654 3433 si
676 3389 754 3434 vero
776 3369 967 3455 protuleris,
999 3369 1135 3435 incutiat
1157 3376 1190 3435 et
1212 3370 1292 3435 mihi
1314 3369 1355 3436 de
1379 3371 1462 3436 falsa
1484 3369 1582 3436 laude
1607 3376 1641 3436 et
1663 3369 1722 3434 tibi
1745 3367 1786 3433 de
1809 3368 1921 3436 iudicii
1944 3391 2054 3437 errore

351 3478 370 3537 5
403 3472 642 3540 verecundiam.
687 3478 720 3538 et
742 3470 877 3552 idcirco,
906 3473 982 3559 quia
1004 3473 1200 3559 imperitiam
1221 3495 1329 3539 meam
1351 3475 1400 3538 tui
1422 3473 1556 3560 pudoris
1580 3495 1662 3559 opus
1690 3493 1764 3538 csse
1788 3473 1934 3552 voluisti,
1959 3496 2051 3552 cave,

403 3599 455 3656 ne,
478 3577 653 3663 praeconio
676 3582 732 3640 tuo
756 3576 848 3642 nobis
872 3599 937 3642 non
960 3577 1249 3665 respondentibus,
1280 3589 1337 3644 tua
1365 3579 1567 3664 periclitetur
1589 3578 1716 3644 electio.
1760 3577 1887 3663 itaque,
1920 3579 1947 3642 si
1976 3578 2052 3665 quid

402 3682 484 3746 mihi
517 3680 640 3760 credis,
674 3682 703 3744 si
737 3679 813 3766 quid
847 3682 977 3766 utrique
1012 3683 1172 3764 consulis,
1213 3683 1382 3768 indignum
1417 3684 1590 3761 memoria,
1631 3682 1795 3746 oblivione
1828 3680 2054 3766 dignissimum

402 3785 554 3850 volumen
587 3784 767 3865 absconde,
802 3785 829 3849 si
857 3785 906 3848 ris
936 3792 970 3851 et
999 3807 1053 3851 me
1086 3787 1127 3852 ad
1161 3787 1332 3853 arbitrium
1362 3794 1453 3853 tuum
1485 3787 1622 3853 oratoris
1653 3788 1773 3852 lamam
1802 3790 1835 3848 et
1864 3793 1896 3850 te
1926 3786 2058 3870 probati
2081 3801 2107 3840 ³⁰

402 3887 519 3953 iudicis
542 3888 691 3953 obtinere
714 3908 897 3976 personam.
1017 3927 1018 3932 κ

1209 4079 1251 4145 V.

437 4215 791 4281 DEVINOTISSIMO
816 4215 937 4281 FILIO
962 4214 1233 4290 SEMPERQUE
1257 4217 1511 4285 MAGNIFIOO
1535 4217 1764 4284 HESPERIO
1787 4216 2016 4285 RURIOIUS.

354 4380 367 4439 l
510 4349 752 4462 Sacrounraas,
776 4381 821 4445 lili
845 4381 1024 4463 carissime,
1048 4387 1085 4446 ut
1107 4381 1188 4447 mibi
1211 4383 1338 4469 aliquos
1363 4383 1402 4448 de
1426 4385 1625 4466 ramusculo,
1648 4405 1745 4470 quem
1769 4407 1811 4450 ex
1835 4384 2050 4450 amaritudine

402 4487 436 4551 in
459 4485 674 4551 domesticum
697 4507 849 4572 saporem
872 4485 1064 4551 vertendum
1087 4488 1416 4575 transferendumque
1446 4510 1653 4576 susceperas,
1682 4489 1833 4554 flosculos
1856 4487 2050 4571 destinares,
2078 4502 2103 4541 ³⁵

401 4612 536 4678 quorum
560 4589 660 4655 odore
684 4610 933 4676 cognoscerem,
962 4593 1059 4677 quam
1089 4614 1181 4680 spem
1210 4593 1279 4679 spei
1309 4614 1425 4679 gerere
1454 4593 1627 4672 deberem,
1656 4600 1841 4657 utrumnam
1871 4593 1934 4680 ipsi
1956 4577 2055 4658 flores

401 4695 550 4780 germina
571 4700 629 4758 aut
656 4713 769 4758 rursus
799 4693 871 4780 ipsa
901 4695 1049 4780 germina
1081 4696 1206 4761 fructus
1235 4697 1285 4761 sui
1313 4696 1470 4783 qualitate
1498 4693 1727 4783 promitterent
1755 4696 1905 4782 idemque
1934 4696 2051 4761 iterum

326 4827 340 4860 a
400 4800 525 4864 fructus
548 4805 655 4863 utrum
679 4798 821 4884 possint,
850 4805 883 4862 te
907 4804 1128 4885 excoquente,
1156 4801 1330 4866 mitescere
1359 4807 1391 4865 et
1413 4800 1503 4866 dulci
1524 4800 1730 4887 eloquentiae
1752 4800 1826 4865 cibo
1850 4799 2051 4863 audientium

351 4907 370 4968 2
403 4902 502 4968 corda
524 4903 654 4970 satiare.
699 4901 785 4989 quod
809 4902 886 4989 quia
907 4903 1017 4968 nescio
1045 4924 1143 4989 quam
1172 4903 1213 4968 ob
1245 4925 1377 4969 causam
1406 4905 1515 4970 facere
1543 4904 1714 4984 distulisti,
1746 4909 1964 4991 opportunum
1992 4923 2050 4967 vos

399 5006 597 5073 admouendi
619 5013 747 5094 tempus
770 5007 896 5087 inveni,
927 5027 990 5093 quo
1017 5006 1051 5071 in
1081 5007 1252 5073 harmonia
1281 5008 1393 5074 muudi
1420 5010 1575 5074 universa
1603 5007 1781 5073 animantis
1807 5008 1905 5098 bruta
1927 5006 2050 5093 pariter
2077 5017 2104 5058 ⁴⁰

402 5116 436 5176 et
458 5110 616 5195 elinguia,
648 5111 848 5192 incedentis,
879 5111 1023 5176 volantia
1050 5117 1149 5198 atque
1173 5113 1304 5199 reptilia
1327 5115 1393 5179 suis
1418 5135 1566 5200 quaeque
1588 5112 1709 5194 modis,
1740 5113 1808 5177 suis
1831 5111 1951 5193 sibilis,
1982 5111 2048 5176 suis

502 5317 520 5372 2
537 5323 704 5375 ..mitterent
720 5321 916 5375 ...abilitatem
933 5321 972 5374 θ’
1024 5320 1146 5390 indicam]
1165 5323 1316 5390 Mmamacn,
1334 5324 1484 5377 iudicemG
1573 5322 1591 5375 3
1609 5324 1649 5375 nis
1667 5319 1688 5390 (i
1704 5321 1767 5373 add.
1782 5321 1871 5386 G¹)G
1923 5321 2052 5374 sollertiae

400 5409 478 5462 lustu
497 5411 583 5477 raquis
598 5411 646 5475 0¹,
671 5410 800 5462 sollertiae
817 5411 920 5463 leuatur
937 5410 1012 5477 aquis
1026 5409 1067 5462 θ’
1165 5410 1182 5462 5
1200 5413 1291 5464 fluenti
1309 5412 1416 5464 nauium
1432 5411 1480 5476 0¹,
1497 5411 1587 5462 fluenti
1604 5411 1708 5462 alueum
1721 5409 1761 5460 0²
1864 5406 1881 5460 9
1898 5405 2051 5460 inlicitsaG

392 5495 434 5558 aa
446 5497 653 5548 deuictissimodl
703 5497 862 5564 magniflodl
948 5494 982 5548 14
993 5493 1128 5564 quiliusO
1215 5496 1248 5549 19
1260 5496 1450 5566 perfectionem]
1466 5499 1534 5561 forte
1545 5505 1616 5550 tuam
1627 5497 1791 5548 desiderata·
1876 5493 1964 5562 2001]
1977 5492 2052 5548 estG

400 5580 592 5634 armandam
613 5583 638 5634 0*
712 5581 833 5652 caespite]
856 5585 890 5651 es.
908 5602 947 5651 ep.
966 5583 1069 5636 Sidonii
1085 5583 1123 5635 ast
1140 5583 1274 5635 llas-iciam
1292 5585 1381 5636 ἁαιαηι
1400 5584 1480 5648 VIII,
1498 5587 1539 5648 10,
1555 5584 1572 5646 §
1583 5588 1600 5634 2
1707 5580 1742 5634 23
1760 5578 1890 5647 secundat]
1910 5599 1927 5632 n
1945 5599 1965 5633 s.
1979 5583 1996 5634 l.
2012 5583 2051 5632 0¹

400 5668 551 5721 fructum&
661 5665 697 5720 24
714 5668 847 5738 producat]
866 5670 894 5722 ia
911 5688 959 5738 mg.
978 5671 1040 5723 add.
1056 5671 1096 5722 0¹
1175 5679 1236 5724 tuae
1251 5669 1255 5738 Ι
1270 5681 1394 5740 gestatam
1416 5672 1466 5737 6¹,
1487 5679 1533 5724 tua
1549 5678 1688 5740 egestatem
1709 5670 1750 5722 θ’
1861 5667 1896 5722 26
1913 5666 1945 5736 si]
1965 5669 2052 5721 arad

400 5755 435 5812 33
452 5755 668 5812 deuictirsImodl
772 5755 807 5811 35
823 5757 1095 5828 mutandamque&
1163 5758 1300 5814 destinaris
1320 5759 1344 5814 G
1446 5757 1611 5814 8918ιι11ιιί
1631 5758 1654 5812 θ
1757 5755 1790 5812 41
1809 5750 2017 5812 incendentiaG
