4612 6428
1080 408 1217 465 SIDONII
1236 405 1435 464 CARMINUM

794 585 850 648 ille
872 602 1018 667 veruque
1041 582 1142 658 alius;
1166 583 1253 649 iacet
1275 583 1327 648 hic
1351 585 1449 652 simul
1472 585 1551 652 alite
1574 587 1652 663 telo,

724 703 763 741 ⁴¹⁴
794 688 968 754 absentem
990 709 1109 774 passus
1133 687 1299 764 dextram3
1323 709 1399 775 pars
1422 690 1546 777 poplite
1570 695 1661 754 secto

740 840 742 846 .
797 794 910 858 mortis
933 791 975 858 ad
998 792 1153 857 invidiam
1177 793 1265 873 visit,
1290 799 1484 880 partemque
1507 794 1636 860 cerebri

799 895 851 961 hic
873 897 988 982 galeae
1013 917 1086 961 cum
1110 901 1203 982 parte
1227 896 1320 983 rapit,
1344 897 1485 983 tortique
1509 898 1631 964 lacerto

798 1000 906 1070 disicit
929 999 1063 1086 ancipiti
1087 999 1273 1065 miserabile
1297 1000 1438 1086 sinciput
1460 1022 1551 1068 ense.

794 1111 830 1168 ut
853 1104 995 1190 primum
1018 1103 1123 1168 versis
1147 1103 1204 1168 det
1226 1109 1355 1188 tergum
1372 1103 1543 1170 Vandalus
1565 1106 1676 1185 arinis,

725 1223 765 1263 ⁴⁴⁰
797 1208 943 1274 succedit
967 1205 1086 1273 caedes
1110 1229 1255 1294 pugnae:
1279 1207 1468 1274 discrimine
1492 1210 1580 1275 nullo

797 1317 988 1378 sternuntur
1010 1312 1132 1397 passim
1158 1313 1292 1398 campie,
1317 1319 1351 1378 et
1372 1313 1471 1378 fortia
1493 1334 1643 1400 quaeque
1702 1357 1704 1360 -

796 1417 875 1483 fecit
898 1417 996 1482 iners.
1042 1416 1229 1502 trepidante
1253 1416 1332 1502 fuga
1355 1438 1450 1483 mare·
1468 1417 1610 1503 pallidus
1633 1416 1732 1482 intrat

795 1527 828 1586 et
851 1541 952 1586 naves
974 1520 1155 1606 pertransit
1178 1541 1292 1606 eques,
1317 1522 1470 1607 turpique
1496 1527 1610 1586 natatu

795 1625 836 1690 de
860 1625 979 1711 pelago
1003 1623 1043 1688 ad
1069 1624 1218 1710 cymbam
1244 1623 1348 1690 rediit.
1395 1627 1441 1690 sic
1465 1626 1564 1690 tertia
1584 1624 1703 1711 Pyrrhi
1776 1707 1779 1714 1

727 1741 765 1782 444
798 1727 962 1813 quondam
985 1749 1097 1813 pugna
1120 1728 1196 1791 fnit:
1222 1728 1327 1792 caesis
1352 1749 1425 1792 curn
1448 1729 1581 1795 milibus
1604 1729 1696 1794 illum

795 1832 960 1897 Dentatus
984 1837 1160 1918 premeret,
1184 1832 1314 1897 lacerae
1338 1831 1392 1896 six
1415 1832 1576 1918 fragmina
1599 1835 1712 1899 classis

797 1938 897 2002 traxit
920 1937 952 2000 in
977 1935 1125 2022 Epirum,
1150 1937 1204 2021 qui
1230 1933 1381 2002 Chaonas
1405 1943 1504 2022 atque
1528 1937 1702 2020 Molossos,

799 2041 854 2128 qui
877 2039 1040 2104 Thracum
1064 2038 1295 2126 Macetumque
1320 2061 1436 2108 manus
1458 2061 1518 2127 per
1540 2042 1639 2106 litora
1661 2048 1772 2108 vestm

798 2150 965 2232 sparserat
988 2149 1022 2208 et
1045 2144 1136 2208 ouius
1159 2141 1247 2208 vires
1270 2142 1429 2209 Oenotria
1451 2145 1581 2231 pallens

727 2264 767 2302 ⁴⁴⁰
799 2250 948 2335 ipsaque,
973 2268 1056 2334 quac
1081 2248 1185 2332 petiit,
1210 2247 1431 2333 trepidaverat
1455 2257 1552 2315 uncta
1574 2249 1750 2317 Tarentus.

797 2352 945 2418 hostibus
969 2352 1115 2436 expulsis
1140 2372 1290 2438 campum
1311 2353 1367 2437 qui
1390 2353 1553 2418 maximus
1578 2360 1671 2419 extat

796 2457 860 2524 iam
884 2458 1025 2521 lustrare
1048 2461 1157 2519 vacat:
1183 2455 1295 2520 videas
1318 2455 1372 2519 hic
1394 2463 1505 2542 strage
1530 2457 1591 2522 sub
1615 2457 1671 2523 illa

795 2566 1008 2646 utrorumque
1032 2559 1171 2634 animos;
1196 2560 1304 2623 nullus
1330 2579 1395 2624 non
1417 2566 1550 2646 pectore
1575 2581 1702 2642 caesus,

797 2665 944 2753 quisquis
965 2668 1077 2728 vester
1101 2671 1184 2728 crat:
1210 2664 1319 2728 nullus
1343 2683 1407 2728 non
1431 2671 1526 2750 terga
1548 2665 1683 2744 foratus,

729 2785 767 2822 ⁴⁴⁴·
800 2770 930 2836 illorum
957 2767 1113 2854 quisquis.
1158 2768 1302 2832 clamant
1324 2766 1385 2832 hoc
1409 2769 1546 2834 vulnera
1568 2770 1664 2856 primi

797 2871 999 2958 praedonum
1021 2876 1090 2935 tum
1113 2870 1198 2935 forte
1223 2870 1325 2952 ducis,
1350 2873 1403 2937 cui
1425 2873 1514 2958 regis
1537 2874 1627 2938 avari
1657 2867 1662 2870 ’

798 2981 949 3041 narratur
973 2974 1126 3060 nupsisse
1151 2994 1252 3053 soror,
1277 2975 1331 3060 qui
1356 2976 1493 3061 pulvere
1517 2997 1613 3042 caeco

799 3081 930 3145 clausus
954 3085 988 3143 et
1011 3078 1111 3144 elisus
1134 3078 1210 3164 pilis
1233 3080 1373 3164 vestigia
1396 3081 1500 3166 turpis

798 3190 908 3270 gestat
930 3183 1037 3248 adhuc
1059 3182 1219 3270 probrosa
1243 3184 1351 3269 fugae.
1398 3185 1446 3250 sic
1469 3185 1602 3270 agmina
1625 3191 1735 3252 vestra

728 3305 767 3342 ⁴⁴⁰
801 3311 875 3356 cum
899 3288 1014 3375 spoliis
1038 3310 1189 3374 campum
1213 3289 1357 3354 retinent
1381 3295 1414 3354 et
1437 3288 1543 3354 Marte
1566 3290 1729 3355 fruuntur.

799 3395 925 3460 interea
948 3392 1070 3478 duplici
1094 3393 1180 3457 texis
1203 3391 1281 3457 dum
1304 3393 1401 3458 litore
1425 3394 1566 3460 classem

798 3498 925 3563 inferno
947 3517 1132 3582 superoque
1155 3496 1248 3578 mari,
1273 3497 1360 3562 cadit
1383 3498 1488 3563 omnis
1510 3499 1543 3562 in
1567 3517 1691 3584 aequor

799 3603 884 3668 silva
907 3601 966 3666 tibi
989 3601 1190 3686 nimiumque
1214 3600 1268 3665 diu
1291 3623 1352 3687 per
1373 3609 1549 3687 utrumque
1572 3603 1709 3682 recisus,

798 3703 1010 3793 Appennino,
1035 3705 1121 3769 latus
1144 3706 1319 3791 navalique
1344 3706 1461 3771 arbore
1485 3705 1576 3771 dives

729 3825 766 3863 ⁴⁴⁵
798 3831 863 3874 non
886 3809 994 3873 minus
1018 3809 1051 3871 in
1074 3809 1212 3894 pelagus
1235 3830 1405 3875 nemorum
1429 3831 1524 3894 quam
1548 3808 1649 3874 mittis
1666 3827 1833 3893 aquarum.

799 3913 908 3978 Gallia
932 3912 1095 3977 continuis
1118 3934 1316 3998 quamquam
1339 3915 1381 3978 sit
1404 3914 1493 3980 lassa
1516 3913 1662 3992 tributis,

798 4020 860 4084 hoc
885 4039 985 4084 censu
1006 4018 1172 4103 ‘placuisse
1197 4019 1288 4104 cupit
1310 4040 1372 4084 nec
1395 4017 1544 4104 pondera
1567 4018 1677 4096 sentit,

800 4145 883 4210 quae
905 4122 1065 4210 prodesse
1091 4122 1220 4209 probat.
1267 4144 1332 4188 non
1356 4123 1456 4188 tantis
1480 4123 1584 4187 maior
1606 4119 1739 4186 Atrides

801 4227 1013 4314 Carpathium
1037 4227 1123 4292 texit
1146 4227 1281 4308 ratibus,
1306 4247 1379 4292 cum
1403 4225 1544 4292 Doricus
1568 4225 1672 4290 hostis

732 4347 771 4385 ⁴⁴⁴
802 4331 919 4416 Sigeas
943 4336 1097 4416 rapturus
1121 4351 1202 4416 opes
1225 4329 1389 4395 Rhoeteia
1412 4329 1532 4395 clausit

799 4435 975 4521 Pergama;
998 4455 1061 4500 nec
1085 4440 1196 4500 tantae
1221 4435 1342 4500 Seston
1365 4435 1535 4498 iuncturus
1559 4431 1678 4518 Abydo

800 4537 932 4604 Xerxes
955 4529 1071 4603 classis
1095 4546 1175 4622 erat,
1200 4538 1340 4604 tumidas
1364 4559 1439 4604 cum
1463 4543 1626 4604 sterneret
1649 4535 1754 4601 undas

800 4651 834 4710 et
855 4650 991 4731 pontum
1015 4642 1076 4709 sub
1100 4650 1199 4730 ponte
1223 4643 1327 4726 daret,
1351 4663 1426 4710 cum
1449 4648 1568 4728 stagna
1591 4640 1732 4728 superbo

537 4875 590 4930 414
609 4878 744 4942 virumque
764 4873 794 4923 M
874 4870 933 4924 aliis
951 4869 981 4922 F
1096 4867 1148 4923 416
1166 4872 1237 4923 vivet
1253 4871 1287 4922 M
1404 4867 1456 4920 417
1475 4870 1536 4922 hinc
1554 4869 1579 4920 P
1696 4866 1749 4922 418
1772 4871 1861 4924 didicit
1880 4871 1925 4937 0¹,
1949 4871 2046 4924 dissicit
2063 4868 2096 4920 M

436 4965 591 5018 miserabilis
609 4961 759 5032 incaputM
847 4955 900 5009 419
917 4958 1065 5010 nuandalus
1078 4957 1163 5022 MOP,
1181 4958 1335 5010 usrsmdalus
1348 4955 1373 5006 P
1423 4955 1548 5008 8888181Ί
1636 4952 1690 5006 420
1706 4958 1791 5010 caedis
1805 4958 1839 5009 M
1920 4954 2097 5009 42218811Μ

436 5055 503 5106 intra
516 5052 549 5103 Μ
636 5047 688 5102 423
706 5049 781 5100 nasis
794 5047 827 5097 Μ
923 5041 975 5095 424
993 5045 1085 5112 cybum
1104 5043 1129 5093 Τ
1182 5044 1310 5097 rodeiitP
1365 5042 1473 5112 pirriF,
1491 5042 1570 5111 pirrlri
1589 5041 1663 5106 TOP,
1680 5043 1768 5111 plryrri
1782 5044 1816 5094 Μ
1909 5038 2093 5108 tramitibus]

436 5139 550 5192 nubibus
563 5137 592 5188 Ρ
689 5134 850 5187 4261881888
864 5132 896 5182 M
954 5133 1077 5200 dagmina
1094 5132 1170 5184 clasis
1184 5132 1209 5183 P
1307 5129 1360 5182 427
1379 5131 1489 5183 88818888
1502 5129 1528 5179 P
1620 5126 1672 5180 429
1691 5131 1758 5192 sires
1776 5148 1825 5181 ons.
1844 5130 1869 5180 Τ
1958 5127 2012 5182 430
2030 5131 2094 5197 ipse·

434 5243 484 5292 que
503 5225 536 5274 M
620 5241 686 5290 quae
710 5239 758 5273 om.
776 5221 801 5272 P
890 5220 1024 5272 tharentns
1044 5220 1096 5284 ΟΡ,
1120 5219 1284 5272 threntusT
1404 5217 1455 5270 431
1478 5219 1523 5285 qul
1545 5218 1708 5285 campuan
1833 5215 1884 5268 433
1907 5225 2047 5284 utrumque
2065 5212 2099 5266 M

434 5309 532 5377 nullus]
551 5327 602 5362 non
621 5311 692 5362 ullos
705 5309 754 5358 M·
841 5303 894 5358 434
912 5308 1013 5358 iuratus
1027 5307 1061 5356 M
1143 5304 1195 5358 436
1214 5324 1238 5374 p.
1257 5315 1286 5358 tn
1300 5306 1328 5369 0,
1349 5306 1504 5373 praedonem
1522 5303 1626 5355 dumT
1673 5304 1752 5355 duces
1769 5303 1802 5352 M
1885 5301 1937 5356 437
1955 5299 2099 5355 natatus-P

435 5399 540 5450 nubissc
559 5395 602 5446 1²·
710 5393 762 5446 438
785 5396 871 5446 clusus
891 5393 932 5444 P·
1040 5391 1093 5446 439
1116 5400 1190 5461 gesta
1207 5393 1241 5444 M
1347 5391 1401 5444 440
1424 5409 1517 5460 capum
1536 5391 1561 5442 P
1627 5392 1654 5442 in
1677 5399 1733 5444 arte
1751 5391 1777 5441 P
1883 5389 1934 5442 441
1959 5391 2053 5444 clasem
2073 5387 2098 5438 P

434 5482 488 5535 442
505 5485 605 5535 infreno
618 5482 647 5534 P
707 5484 771 5534 mari
789 5483 857 5535 cadit
874 5482 958 5534 omnis
976 5483 1003 5532 in
1020 5498 1101 5548 equor
1117 5483 1145 5532 ia
1162 5499 1216 5533 roe.
1230 5479 1272 5532 Pb
1367 5479 1561 5549 fflapennine
1575 5478 1652 5542 OPP,
1670 5495 1787 5546 appennc
1801 5477 1833 5527 M
1900 5479 1986 5530 navali
2004 5477 2095 5528 roboro

443 5571 609 5622 Wilamornils
712 5567 887 5620 4438811180
988 5565 1040 5619 446
1058 5559 1150 5620 18880
1250 5567 1301 5620 447
1321 5585 1372 5634 sp:
1390 5585 1438 5620 noc
1456 5567 1568 5635 pondera
1585 5566 1663 5617 sentit
1680 5581 1746 5632 quae
1764 5565 1884 5632 prodesse
1903 5565 1992 5632 probat
2010 5581 2058 5613 orn.
2072 5561 2098 5612 P

437 5659 517 5710 sensit
532 5656 603 5708 ΤΟΡ
686 5654 739 5707 449
751 5657 859 5725 pelagus
872 5654 921 5705 Μ44
974 5673 1026 5707 cns
1042 5657 1077 5706 0¹
1130 5657 1234 5708 doribns
1248 5655 1273 5706 P
1361 5653 1414 5706 460
1431 5656 1514 5706 nicaea
1526 5663 1645 5721 rapturus
1658 5651 1691 5702 M
1740 5651 1854 5703 roethoia
1867 5650 1941 5714 rcP,
1959 5646 2100 5702 rsetsiaM

433 5743 484 5796 451
502 5753 586 5796 tantas
604 5751 676 5796 eston
695 5745 711 5796 i.
724 5761 746 5796 a.
761 5743 792 5809 P,
809 5751 897 5798 tantae
915 5752 983 5797 sesto
1001 5745 1165 5796 iniunctnrus
1182 5744 1258 5796 abido
1272 5743 1310 5810 M,
1328 5753 1345 5796 t.
1359 5762 1377 5797 s.
1392 5745 1409 5796 i.
1423 5743 1520 5796 aboedo
1538 5741 1562 5792 Τ
1660 5737 1713 5792 452
1731 5756 1818 5794 xerses
1832 5739 1866 5790 Μ
1868 5739 1893 5790 Τ
1958 5739 2052 5792 clausis
2065 5735 2096 5788 Μ
