4634 6458
1073 387 1208 443 SIDONll
1229 385 1426 442 ansuinum

782 555 933 644 Riphaea
957 559 997 625 de
1021 569 1116 627 caute
1140 563 1238 644 eadit,
1262 561 1349 628 iacet
1372 584 1435 629 axe
1460 562 1519 628 sub
1544 585 1640 629 ursae

716 673 753 712 2⁴⁵
787 682 869 746 gens
893 665 1011 730 animis
1034 666 1253 752 membrisque
1277 667 1400 732 minax:
1426 668 1473 732 ita
1495 667 1637 733 vultibus
1660 669 1740 756 ipsis

785 766 944 833 infantum
969 791 1047 834 suus
1073 770 1188 836 horror
1209 773 1307 837 inest.
1353 773 1524 858 consurgit
1545 773 1578 836 in
1601 779 1705 837 artum

784 891 895 937 massa
917 873 1055 939 rotunda
1079 881 1193 962 eaput;
1217 876 1356 962 geminis
1378 876 1438 940 sub
1462 875 1568 941 fronte
1592 877 1742 942 cavernis

783 976 874 1041 visus
897 975 992 1042 adest
1015 980 1117 1043 oculis
1141 979 1348 1056 absentibus;
1372 986 1446 1045 aeta
1469 980 1596 1045 cerebri

784 1081 816 1144 in
841 1102 1004 1147 cameram
1029 1085 1083 1148 vix
1107 1084 1147 1149 ad
1171 1085 1303 1170 refugos
1327 1085 1385 1148 lux
1409 1085 1558 1169 pervenit
1581 1084 1688 1164 orbes,

730 1221 734 1232 ·
788 1205 853 1249 non
878 1192 987 1251 tamen
1013 1194 1046 1252 ct
1070 1188 1216 1263 claus0s;
1240 1209 1315 1253 nam
1339 1188 1464 1253 fornice
1488 1210 1553 1254 non
1578 1187 1722 1274 spatiose

784 1310 903 1374 magna
926 1290 1038 1356 vident
1062 1293 1178 1377 spatia,
1203 1297 1236 1358 et
1258 1292 1390 1357 maioris
1413 1292 1547 1374 luminis
1570 1313 1665 1357 usum

782 1394 955 1480 perspicua
977 1396 1009 1458 in
1034 1397 1141 1482 puteis
1166 1404 1379 1483 compensant
1402 1403 1523 1482 puncta
1545 1395 1724 1482 profundis.

781 1504 860 1578 tum,
884 1519 925 1562 ne
948 1520 1009 1584 per
1031 1500 1135 1564 malas
1159 1506 1332 1564 excrescat
1354 1499 1465 1565 fistula
1488 1498 1621 1586 duplex,

782 1600 934 1666 obtundit
956 1608 1087 1668 teneras
1111 1603 1312 1668 circumdata
1333 1603 1437 1669 fascia
1459 1624 1567 1685 nares,

712 1719 742 1754 ··'›·
784 1711 820 1768 ut
842 1706 947 1790 galeis
972 1707 1105 1772 cedant:
1130 1708 1177 1772 sic
1201 1714 1337 1794 propter
1358 1707 1485 1792 proelia
1508 1713 1601 1772 natos

779 1816 946 1874 maternus
970 1809 1133 1876 deformat
1155 1832 1256 1891 amer,
1281 1811 1358 1896 quia
1381 1817 1476 1875 tensa
1498 1831 1657 1896 genarum

780 1934 845 1977 non
869 1915 1042 1980 interiecto
1066 1916 1103 1979 fit
1125 1916 1220 1979 latior
1243 1937 1322 1980 area
1344 1936 1435 1980 naso.

781 2022 893 2080 cetera
916 2037 992 2101 pars
1015 2022 1067 2082 est
1089 2017 1226 2102 pulchra
1249 2017 1340 2081 viris:
1365 2022 1454 2081 stant
1476 2022 1611 2102 pectora
1635 2024 1736 2096 vasta,
1766 2093 1767 2098 γ

779 2120 924 2204 insignes
947 2121 1063 2200 umeri,
1087 2121 1255 2186 succincta
1278 2121 1339 2185 suh
1362 2121 1460 2184 ilibus
1484 2121 1589 2184 alvus.

708 2237 714 2252 ⁶
779 2223 886 2288 forma
908 2223 1039 2309 quidem
1061 2223 1165 2311 pediti
1187 2224 1297 2290 media
1321 2231 1382 2304 est,
1404 2245 1544 2311 procera
1567 2223 1625 2288 sed
1650 2231 1750 2304 extat,

781 2327 807 2390 si
831 2348 948 2392 cernas
973 2329 1115 2414 equites:¹
1140 2330 1186 2394 sic
1210 2329 1297 2414 longi
1320 2349 1420 2414 saepe
1443 2333 1609 2415 putantur,

779 2431 807 2495 si
831 2431 977 2496 sedeant.
1015 2433 1072 2496 vix
1096 2439 1199 2498 matre
1224 2453 1340 2498 carens
1363 2439 1399 2496 ut
1422 2431 1570 2496 constitit
1591 2431 1710 2510 iulans,

778 2557 859 2601 mox·
878 2536 1015 2623 praebet
1038 2538 1169 2602 dorsum
1194 2539 1340 2622 sonipes;
1364 2543 1503 2622 cognata
1526 2557 1618 2601 reare

778 2642 925 2707 membra
949 2642 1042 2707 viris:
1066 2643 1113 2706 ita
1137 2663 1268 2727 semper
1291 2663 1375 2728 equo
1399 2663 1460 2708 ceu
1482 2642 1568 2706 fixus
1591 2641 1750 2706 adhaeret

707 2758 738 2795 ‘·
777 2754 899 2822 rectem
927 2746 1139 2833 cornipedum
1162 2753 1255 2832 tergo
1279 2768 1361 2833 gens
1384 2747 1488 2812 altera
1510 2747 1624 2825 fertur,

777 2851 860 2917 haec
884 2851 1021 2916 habitat.
1067 2859 1190 2917 teretes
1213 2873 1307 2916 arcus
1331 2858 1365 2917 et
1388 2850 1514 2938 spicula
1536 2849 1636 2928 cordi,

777 2955 941 3020 terribiles
965 2963 1140 3042 certaeque
1163 2977 1279 3020 manus
1302 2955 1482 3041 iaculisque
1504 2954 1661 3020 ferendae

774 3061 889 3126 mortis
913 3061 979 3125 lixa
1002 3060 1083 3126 fides
1107 3068 1140 3126 et
1164 3081 1227 3125 non
1250 3068 1410 3147 peccante
1435 3061 1495 3126 sub
1519 3061 1585 3125 ictu

776 3166 911 3232 edoctus
935 3187 1074 3253 peccare
1098 3166 1198 3232 furor.
1245 3187 1326 3252 gens
1350 3168 1414 3232 ists
1437 3173 1572 3252 repente

705 3286 712 3303 ⁶
776 3293 951 3358 erumpens
976 3271 1180 3356 solidumque
1204 3272 1283 3335 rotis
1308 3275 1494 3338 transvecta
1516 3291 1576 3358 per
1598 3269 1746 3335 Histrum

776 3384 910 3442 venerat
932 3382 966 3442 et
989 3384 1097 3441 sectas
1120 3375 1280 3442 inciderat
1304 3376 1411 3440 orbita
1434 3375 1594 3461 lymphas.

774 3482 857 3546 hane
879 3488 915 3545 tu
938 3480 1083 3546 directus
1107 3503 1166 3568 per
1188 3480 1312 3546 Dacica
1335 3501 1411 3544 rura
1432 3487 1608 3565 vagantem

774 3593 888 3652 centra
911 3587 949 3669 is,
973 3587 1174 3672 aggrederis,
1198 3607 1343 3672 superas,
1367 3586 1522 3660 includis:
1548 3593 1580 3650 et
1603 3593 1639 3650 ut
1662 3593 1694 3650 te

774 3699 897 3759 metato
923 3693 1031 3778 spatie
1055 3698 1236 3756 castrorum
1261 3690 1397 3756 Serdica
1421 3691 1511 3769 vidit,

703 3811 741 3845 ‘⁵
775 3796 944 3861 obsidione
968 3796 1100 3882 premis.
1146 3817 1230 3879 quae
1253 3801 1286 3860 tc
1312 3795 1357 3860 sic
1381 3801 1526 3881 tempere
1550 3795 1653 3858 multo

774 3901 805 3964 in
829 3901 915 3965 valle
940 3900 1083 3987 positum
1107 3899 1243 3986 stupuit,
1265 3898 1352 3984 quod
1375 3899 1469 3963 miles
1495 3899 1527 3961 in
1551 3918 1648 3982 agros

773 4025 834 4068 nec
857 4004 955 4068 licitis
979 4025 1040 4068 nec
1063 4003 1191 4068 furtivis
1216 4000 1411 4067 excursibus
1435 4001 1513 4066 ibat.

772 4108 824 4171 eui
847 4107 980 4172 deesset
1003 4127 1077 4171 eum
1100 4127 1199 4192 saepe
1224 4105 1326 4172 Ocres
1349 4126 1545 4191 semperque
1569 4103 1708 4188 Lyaeus,

772 4211 943 4296 disciplina
965 4218 1075 4276 tamen
1098 4232 1163 4275 non
1186 4210 1304 4286 dafuit;
1328 4209 1403 4274 inde
1426 4211 1608 4296 propinquo

701 4331 706 4344 ·
732 4330 734 4334 ’
775 4315 870 4379 hoste
893 4317 999 4399 magis
1023 4316 1161 4379 timuere
1186 4314 1312 4378 ducem.
1359 4314 1406 4377 sic
1433 4313 1572 4398 denique
1596 4313 1717 4378 sactum
1742 4320 1801 4392 est,

771 4424 806 4482 ut
830 4420 938 4484 socius
963 4425 1031 4483 tum
1055 4419 1140 4485 forte
1164 4427 1251 4500 tuus,
1274 4440 1353 4482 mcx
1375 4417 1533 4504 proditer,
1558 4419 1623 4483 illis

769 4523 891 4586 frustra
914 4529 1007 4608 terga
1030 4522 1124 4587 daret
1147 4523 1337 4588 commissae
1361 4529 1509 4608 tempore
1532 4543 1673 4608 pugnae.

771 4627 825 4711 qui
849 4627 913 4691 iam
939 4648 1011 4691 eum
1035 4627 1165 4712 lugeret
1188 4627 1274 4692 flexo
1297 4627 1382 4712 pede
1406 4647 1528 4691 cornua
1551 4625 1688 4702 nudans,

769 4739 803 4795 tu
827 4730 938 4796 stabas
961 4732 1031 4796 acie
1055 4733 1155 4812 solus,
1179 4739 1211 4796 te
1235 4752 1351 4818 sparsa
1373 4730 1482 4816 fugaci

700 4850 737 4888 ²⁸⁵
773 4836 910 4921 expetiit
933 4833 1067 4900 ductore
1091 4855 1217 4916 manus,
1240 4842 1274 4900 te
1297 4834 1404 4900 Marte
1428 4833 1573 4920 pedestri

769 4939 940 5005 sudantem
964 4940 1136 5025 repetebat
1160 4960 1273 5024 eques,
1297 4946 1354 5004 tua
1378 4939 1472 5024 signa
1496 4943 1628 5002 secutus

768 5064 832 5107 non
857 5064 893 5107 se
916 5042 1082 5108 desertum
1107 5043 1211 5108 sensit
1234 5043 1412 5108 certamine
1436 5042 1542 5106 miles.

503 5338 556 5392 246
580 5342 678 5395 suisC'
760 5349 844 5394 atrum
865 5342 887 5392 0
1005 5338 1057 5392 248
1079 5341 1162 5394 crebri
1182 5341 1221 5392 0⁶
1342 5335 1394 5391 250
1417 5357 1465 5391 nes
1484 5340 1507 5390 0
1624 5336 1673 5390 251
1699 5341 1819 5394 maiorem
1845 5341 1869 5392 T
1951 5361 2001 5396 usu
2021 5344 2056 5395 0¹

398 5421 451 5476 254
475 5428 560 5480 sam
578 5427 651 5494 μοι),
676 5432 747 5483 pm
767 5432 805 5480 (yn
932 5427 983 5480 256
1005 5428 1176 5480 aesomnes
1297 5425 1347 5477 257
1372 5425 1443 5494 naso]
1462 5428 1518 5478 vise
1537 5425 1565 5477 F
1683 5425 1735 5478 262
1756 5426 1794 5494 ut]
1813 5431 1834 5480 si
1857 5429 1885 5493 Τ,
1909 5447 1957 5482 cen
1977 5429 2012 5496 (E)
2032 5431 2060 5482 F

398 5508 451 5562 269
469 5528 559 5578 pecare
572 5513 613 5564 P·
699 5513 748 5565 271
767 5516 871 5567 dubiam
884 5515 1067 5576 ansaecssF,·
1085 5517 1164 5566 siccus
1177 5515 1264 5578 rllclrr,
1281 5523 1360 5566 tectas
1373 5515 1514 5566 Buecheler
1527 5513 1570 5578 (cl.
1584 5515 1722 5566 Cluruh'an.
1737 5521 1776 5567 57.
1789 5521 1823 5568 60
1835 5515 1877 5578 G.)
1961 5516 2012 5569 213
2024 5516 2055 5582 is]

398 5597 437 5647 his
454 5598 505 5649 PF
588 5598 639 5652 277
659 5619 691 5654 nc
703 5602 779 5654 licitis
794 5603 831 5653 0·
919 5601 970 5654 282
988 5603 1130 5670 tergasP¹
1220 5601 1270 5653 ‘28²3
1286 5621 1345 5654 cum
1359 5601 1385 5668 h]
1399 5604 1550 5669 confugeret
1564 5603 1588 5651 Τ
1637 5602 1753 5653 nudasP
1838 5601 1889 5654 284
1908 5605 1976 5656 acics
1990 5603 2058 5654 Teu’

396 5701 488 5751 spurga
509 5685 531 5735 0
632 5685 683 5737 2813
703 5691 857 5756 repastchal.
877 5693 913 5740 0¹
977 5721 978 5724 =
