<?xml version="1.0" encoding="UTF-8"?>
<!DOCTYPE html PUBLIC "-//W3C//DTD XHTML 1.0 Transitional//EN"
    "http://www.w3.org/TR/xhtml1/DTD/xhtml1-transitional.dtd">
<html xmlns="http://www.w3.org/1999/xhtml" xml:lang="en" lang="en">
 <head>
  <title>
</title>
<meta http-equiv="Content-Type" content="text/html;charset=utf-8" />
  <meta name='ocr-system' content='tesseract 3.04.00' />
  <meta name='ocr-capabilities' content='ocr_page ocr_carea ocr_par ocr_line ocrx_word'/>
</head>
<body>
  <div class='ocr_page' id='page_1' title='image "./monumentagerman03mittgoog/monumentagerman03mittgoog_0032.png"; bbox 0 0 4732 6436; ppageno 0'>
   <div class='ocr_carea' id='block_1_1' title="bbox 1009 394 1910 450">
    <p class='ocr_par' dir='ltr' id='par_1_1' title="bbox 1009 394 1910 450">
     <span class='ocr_line' id='line_1_1' title="bbox 1009 394 1910 450; baseline 0 -2"><span class='ocrx_word' id='word_1_1' title='bbox 1009 394 1148 448; x_wconf 84' lang='lat' dir='ltr'>LEONIS.</span> <span class='ocrx_word' id='word_1_2' title='bbox 1835 399 1910 450; x_wconf 81' lang='lat' dir='ltr'>XXV</span> 
     </span>
    </p>
   </div>
   <div class='ocr_carea' id='block_1_2' title="bbox 180 567 1953 2106">
    <p class='ocr_par' dir='ltr' id='par_1_2' title="bbox 180 567 1953 2106">
     <span class='ocr_line' id='line_1_2' title="bbox 253 567 1907 653; baseline 0.002 -23"><span class='ocrx_word' id='word_1_3' title='bbox 253 573 367 651; x_wconf 90' lang='lat' dir='ltr'>aperte</span> <span class='ocrx_word' id='word_1_4' title='bbox 384 588 462 652; x_wconf 90' lang='lat' dir='ltr'>prae</span> <span class='ocrx_word' id='word_1_5' title='bbox 480 589 516 630; x_wconf 91' lang='lat' dir='ltr'>se</span> <span class='ocrx_word' id='word_1_6' title='bbox 534 567 652 646; x_wconf 85' lang='lat' dir='ltr'>lerunt,</span> <span class='ocrx_word' id='word_1_7' title='bbox 669 573 706 632; x_wconf 93' lang='lat' dir='ltr'>ut</span> <span class='ocrx_word' id='word_1_8' title='bbox 723 569 799 652; x_wconf 92' lang='lat' dir='ltr'>quin</span> <span class='ocrx_word' id='word_1_9' title='bbox 816 567 857 632; x_wconf 93' lang='lat' dir='ltr'>de</span> <span class='ocrx_word' id='word_1_10' title='bbox 874 567 1023 631; x_wconf 90' lang='lat' dir='ltr'>omnibus</span> <span class='ocrx_word' id='word_1_11' title='bbox 1041 567 1155 633; x_wconf 90' lang='lat' dir='ltr'>eadem</span> <span class='ocrx_word' id='word_1_12' title='bbox 1173 569 1298 632; x_wconf 89' lang='lat' dir='ltr'>ratione</span> <span class='ocrx_word' id='word_1_13' title='bbox 1316 567 1522 632; x_wconf 92' lang='lat' dir='ltr'>iudicandum</span> <span class='ocrx_word' id='word_1_14' title='bbox 1538 569 1578 631; x_wconf 92' lang='lat' dir='ltr'>sit</span> <span class='ocrx_word' id='word_1_15' title='bbox 1594 567 1738 632; x_wconf 91' lang='lat' dir='ltr'>dubitari</span> <span class='ocrx_word' id='word_1_16' title='bbox 1755 576 1907 653; x_wconf 76' lang='lat' dir='ltr'>nequeat.</span> 
     </span>
     <span class='ocr_line' id='line_1_3' title="bbox 180 659 1909 754; baseline 0.001 -20"><span class='ocrx_word' id='word_1_17' title='bbox 180 659 184 674; x_wconf 65' lang='lat'>¹</span> <span class='ocrx_word' id='word_1_18' title='bbox 254 691 313 754; x_wconf 91' lang='lat' dir='ltr'>per</span> <span class='ocrx_word' id='word_1_19' title='bbox 336 693 372 734; x_wconf 91' lang='lat' dir='ltr'>se</span> <span class='ocrx_word' id='word_1_20' title='bbox 394 692 474 735; x_wconf 90' lang='lat' dir='ltr'>sane</span> <span class='ocrx_word' id='word_1_21' title='bbox 499 671 563 734; x_wconf 90' lang='lat' dir='ltr'>tria</span> <span class='ocrx_word' id='word_1_22' title='bbox 585 671 642 734; x_wconf 92' lang='lat' dir='ltr'>illa</span> <span class='ocrx_word' id='word_1_23' title='bbox 665 671 887 735; x_wconf 87' lang='lat' dir='ltr'>additamenta</span> <span class='ocrx_word' id='word_1_24' title='bbox 910 692 975 734; x_wconf 91' lang='lat' dir='ltr'>non</span> <span class='ocrx_word' id='word_1_25' title='bbox 999 673 1103 735; x_wconf 88' lang='lat' dir='ltr'>solum</span> <span class='ocrx_word' id='word_1_26' title='bbox 1120 673 1230 736; x_wconf 93' lang='lat' dir='ltr'>stilum</span> <span class='ocrx_word' id='word_1_27' title='bbox 1248 671 1461 735; x_wconf 85' lang='lat' dir='ltr'>Sidonianum</span> <span class='ocrx_word' id='word_1_28' title='bbox 1479 678 1631 735; x_wconf 90' lang='lat' dir='ltr'>accurate</span> <span class='ocrx_word' id='word_1_29' title='bbox 1647 673 1825 746; x_wconf 77' lang='lat' dir='ltr'><strong>imitantur,</strong></span> <span class='ocrx_word' id='word_1_30' title='bbox 1851 672 1909 742; x_wconf 87' lang='lat' dir='ltr'>scd</span> 
     </span>
     <span class='ocr_line' id='line_1_4' title="bbox 255 773 1908 860; baseline 0.001 -24"><span class='ocrx_word' id='word_1_31' title='bbox 255 773 450 854; x_wconf 92' lang='lat' dir='ltr'>secundum,</span> <span class='ocrx_word' id='word_1_32' title='bbox 483 795 621 859; x_wconf 90' lang='lat' dir='ltr'>quocum</span> <span class='ocrx_word' id='word_1_33' title='bbox 644 774 842 859; x_wconf 87' lang='lat' dir='ltr'>iungendum</span> <span class='ocrx_word' id='word_1_34' title='bbox 871 779 923 839; x_wconf 91' lang='lat' dir='ltr'>est</span> <span class='ocrx_word' id='word_1_35' title='bbox 945 775 1139 839; x_wconf 84' lang='lat' dir='ltr'>vocabulum</span> <span class='ocrx_word' id='word_1_36' title='bbox 1163 775 1338 839; x_wconf 86' lang='lat' dir='ltr'>Ricimeris</span> <span class='ocrx_word' id='word_1_37' title='bbox 1369 773 1474 838; x_wconf 90' lang='lat' dir='ltr'>eidem</span> <span class='ocrx_word' id='word_1_38' title='bbox 1498 775 1658 859; x_wconf 81' lang='lat' dir='ltr'>epistulae</span> <span class='ocrx_word' id='word_1_39' title='bbox 1682 797 1712 860; x_wconf 95' lang='lat' dir='ltr'>p.</span> <span class='ocrx_word' id='word_1_40' title='bbox 1730 777 1835 856; x_wconf 80' lang='grc'><strong>45,26</strong></span> <span class='ocrx_word' id='word_1_41' title='bbox 1859 776 1908 837; x_wconf 89' lang='lat' dir='ltr'>in-</span> 
     </span>
     <span class='ocr_line' id='line_1_5' title="bbox 255 877 1909 963; baseline 0.001 -23"><span class='ocrx_word' id='word_1_42' title='bbox 255 883 390 956; x_wconf 91' lang='lat' dir='ltr'>sertum,</span> <span class='ocrx_word' id='word_1_43' title='bbox 426 878 530 963; x_wconf 91' lang='lat' dir='ltr'>primo</span> <span class='ocrx_word' id='word_1_44' title='bbox 564 878 680 942; x_wconf 93' lang='lat' dir='ltr'>obtutu</span> <span class='ocrx_word' id='word_1_45' title='bbox 708 879 823 943; x_wconf 87' lang='lat' dir='ltr'>referri</span> <span class='ocrx_word' id='word_1_46' title='bbox 853 885 992 963; x_wconf 79' lang='lat' dir='ltr'><strong>possunt</strong></span> <span class='ocrx_word' id='word_1_47' title='bbox 1028 878 1068 942; x_wconf 93' lang='lat' dir='ltr'>ad</span> <span class='ocrx_word' id='word_1_48' title='bbox 1107 901 1146 942; x_wconf 88' lang='lat' dir='ltr'>ea</span> <span class='ocrx_word' id='word_1_49' title='bbox 1177 900 1261 962; x_wconf 88' lang='lat' dir='ltr'>quae</span> <span class='ocrx_word' id='word_1_50' title='bbox 1293 878 1333 942; x_wconf 93' lang='lat' dir='ltr'>dc</span> <span class='ocrx_word' id='word_1_51' title='bbox 1362 878 1489 943; x_wconf 86' lang='lat' dir='ltr'>fortiter</span> <span class='ocrx_word' id='word_1_52' title='bbox 1515 879 1610 942; x_wconf 87' lang='lat' dir='ltr'>factis</span> <span class='ocrx_word' id='word_1_53' title='bbox 1638 877 1764 942; x_wconf 85' lang='lat' dir='ltr'>Ecdicii</span> <span class='ocrx_word' id='word_1_54' title='bbox 1796 877 1909 942; x_wconf 91' lang='lat' dir='ltr'>eodem</span> 
     </span>
     <span class='ocr_line' id='line_1_6' title="bbox 254 978 1908 1068; baseline 0.002 -26"><span class='ocrx_word' id='word_1_55' title='bbox 254 978 335 1042; x_wconf 91' lang='lat' dir='ltr'>libro</span> <span class='ocrx_word' id='word_1_56' title='bbox 359 979 404 1065; x_wconf 92' lang='lat' dir='ltr'>(p.</span> <span class='ocrx_word' id='word_1_57' title='bbox 419 983 470 1060; x_wconf 78' lang='lat'>42,</span> <span class='ocrx_word' id='word_1_58' title='bbox 487 979 539 1064; x_wconf 80' lang='lat'>14)</span> <span class='ocrx_word' id='word_1_59' title='bbox 564 988 736 1044; x_wconf 87' lang='lat' dir='ltr'>narrantur</span> <span class='ocrx_word' id='word_1_60' title='bbox 758 981 887 1045; x_wconf 87' lang='lat' dir='ltr'>sublata</span> <span class='ocrx_word' id='word_1_61' title='bbox 917 1004 958 1045; x_wconf 85' lang='lat' dir='ltr'>ex</span> <span class='ocrx_word' id='word_1_62' title='bbox 985 983 1068 1046; x_wconf 91' lang='lat' dir='ltr'>libro</span> <span class='ocrx_word' id='word_1_63' title='bbox 1092 987 1276 1046; x_wconf 91' lang='lat' dir='ltr'>nostrorum</span> <span class='ocrx_word' id='word_1_64' title='bbox 1300 981 1479 1068; x_wconf 87' lang='lat' dir='ltr'>archetypo</span> <span class='ocrx_word' id='word_1_65' title='bbox 1509 989 1542 1046; x_wconf 92' lang='lat' dir='ltr'>et</span> <span class='ocrx_word' id='word_1_66' title='bbox 1565 982 1684 1046; x_wconf 89' lang='lat' dir='ltr'>deinde</span> <span class='ocrx_word' id='word_1_67' title='bbox 1709 1005 1751 1045; x_wconf 89' lang='lat' dir='ltr'>ex</span> <span class='ocrx_word' id='word_1_68' title='bbox 1776 982 1908 1067; x_wconf 92' lang='lat' dir='ltr'>supple-</span> 
     </span>
     <span class='ocr_line' id='line_1_7' title="bbox 255 1083 1910 1172; baseline 0.001 -26"><span class='ocrx_word' id='word_1_69' title='bbox 255 1088 365 1147; x_wconf 89' lang='lat' dir='ltr'>mento</span> <span class='ocrx_word' id='word_1_70' title='bbox 387 1083 525 1148; x_wconf 91' lang='lat' dir='ltr'>adiecta.</span> <span class='ocrx_word' id='word_1_71' title='bbox 571 1083 629 1148; x_wconf 92' lang='lat' dir='ltr'>sed</span> <span class='ocrx_word' id='word_1_72' title='bbox 654 1084 694 1148; x_wconf 91' lang='lat' dir='ltr'>ad</span> <span class='ocrx_word' id='word_1_73' title='bbox 714 1084 913 1149; x_wconf 81' lang='lat' dir='ltr'>Ricimerem</span> <span class='ocrx_word' id='word_1_74' title='bbox 935 1086 1017 1150; x_wconf 88' lang='lat' dir='ltr'>haec</span> <span class='ocrx_word' id='word_1_75' title='bbox 1041 1107 1114 1149; x_wconf 93' lang='lat' dir='ltr'>cum</span> <span class='ocrx_word' id='word_1_76' title='bbox 1137 1107 1202 1149; x_wconf 93' lang='lat' dir='ltr'>non</span> <span class='ocrx_word' id='word_1_77' title='bbox 1219 1086 1415 1172; x_wconf 83' lang='lat' dir='ltr'>pertineant,</span> <span class='ocrx_word' id='word_1_78' title='bbox 1440 1087 1569 1149; x_wconf 92' lang='lat' dir='ltr'>omnino</span> <span class='ocrx_word' id='word_1_79' title='bbox 1593 1086 1647 1170; x_wconf 93' lang='lat' dir='ltr'>qui</span> <span class='ocrx_word' id='word_1_80' title='bbox 1673 1107 1712 1149; x_wconf 92' lang='lat' dir='ltr'>ea</span> <span class='ocrx_word' id='word_1_81' title='bbox 1728 1085 1910 1170; x_wconf 83' lang='lat' dir='ltr'>composuit</span> 
     </span>
     <span class='ocr_line' id='line_1_8' title="bbox 254 1187 1953 1274; baseline 0.001 -24"><span class='ocrx_word' id='word_1_82' title='bbox 254 1191 419 1271; x_wconf 89' lang='lat' dir='ltr'>tamquam</span> <span class='ocrx_word' id='word_1_83' title='bbox 451 1188 684 1252; x_wconf 88' lang='lat' dir='ltr'>commentario</span> <span class='ocrx_word' id='word_1_84' title='bbox 714 1194 747 1252; x_wconf 93' lang='lat' dir='ltr'>et</span> <span class='ocrx_word' id='word_1_85' title='bbox 775 1187 898 1252; x_wconf 77' lang='lat' dir='ltr'><strong>Brutos</strong></span> <span class='ocrx_word' id='word_1_86' title='bbox 927 1188 1163 1270; x_wconf 77' lang='lat' dir='ltr'>Torquatosque</span> <span class='ocrx_word' id='word_1_87' title='bbox 1185 1211 1216 1274; x_wconf 91' lang='lat' dir='ltr'>p.</span> <span class='ocrx_word' id='word_1_88' title='bbox 1234 1193 1285 1270; x_wconf 79' lang='lat'>45,</span> <span class='ocrx_word' id='word_1_89' title='bbox 1299 1193 1335 1252; x_wconf 82' lang='lat'>21</span> <span class='ocrx_word' id='word_1_90' title='bbox 1371 1189 1544 1252; x_wconf 91' lang='lat' dir='ltr'>illustravit</span> <span class='ocrx_word' id='word_1_91' title='bbox 1574 1197 1607 1253; x_wconf 92' lang='lat' dir='ltr'>et</span> <span class='ocrx_word' id='word_1_92' title='bbox 1637 1189 1821 1273; x_wconf 78' lang='lat' dir='ltr'>quaerenti,</span> <span class='ocrx_word' id='word_1_93' title='bbox 1853 1209 1910 1252; x_wconf 92' lang='lat' dir='ltr'>cur</span> <span class='ocrx_word' id='word_1_94' title='bbox 1951 1207 1953 1211; x_wconf 90' lang='grc'><em>·</em></span> 
     </span>
     <span class='ocr_line' id='line_1_9' title="bbox 254 1288 1748 1378; baseline 0.002 -26"><span class='ocrx_word' id='word_1_95' title='bbox 254 1288 438 1354; x_wconf 85' lang='lat' dir='ltr'>Eucherius</span> <span class='ocrx_word' id='word_1_96' title='bbox 461 1291 500 1354; x_wconf 91' lang='lat' dir='ltr'>iis</span> <span class='ocrx_word' id='word_1_97' title='bbox 524 1292 766 1378; x_wconf 81' lang='lat' dir='ltr'>aequiparetur,</span> <span class='ocrx_word' id='word_1_98' title='bbox 790 1292 831 1355; x_wconf 94' lang='lat' dir='ltr'>de</span> <span class='ocrx_word' id='word_1_99' title='bbox 855 1292 922 1356; x_wconf 89' lang='lat' dir='ltr'>filio</span> <span class='ocrx_word' id='word_1_100' title='bbox 948 1293 1017 1356; x_wconf 91' lang='lat' dir='ltr'>eius</span> <span class='ocrx_word' id='word_1_101' title='bbox 1041 1294 1150 1357; x_wconf 91' lang='lat' dir='ltr'>nescio</span> <span class='ocrx_word' id='word_1_102' title='bbox 1175 1315 1270 1378; x_wconf 91' lang='lat' dir='ltr'>quam</span> <span class='ocrx_word' id='word_1_103' title='bbox 1295 1294 1513 1357; x_wconf 85' lang='lat' dir='ltr'>narrationem</span> <span class='ocrx_word' id='word_1_104' title='bbox 1537 1293 1748 1376; x_wconf 78' lang='lat' dir='ltr'>excogitavit.</span> 
     </span>
     <span class='ocr_line' id='line_1_10' title="bbox 363 1392 1909 1482; baseline 0.002 -26"><span class='ocrx_word' id='word_1_105' title='bbox 363 1392 611 1478; x_wconf 88' lang='lat' dir='ltr'>Luetjohannus</span> <span class='ocrx_word' id='word_1_106' title='bbox 634 1396 718 1480; x_wconf 91' lang='lat' dir='ltr'>quod</span> <span class='ocrx_word' id='word_1_107' title='bbox 741 1398 872 1482; x_wconf 88' lang='lat' dir='ltr'>plenam</span> <span class='ocrx_word' id='word_1_108' title='bbox 897 1402 930 1459; x_wconf 90' lang='lat' dir='ltr'>et</span> <span class='ocrx_word' id='word_1_109' title='bbox 953 1397 1132 1481; x_wconf 83' lang='lat' dir='ltr'>perlectam</span> <span class='ocrx_word' id='word_1_110' title='bbox 1156 1397 1196 1461; x_wconf 93' lang='lat' dir='ltr'>dc</span> <span class='ocrx_word' id='word_1_111' title='bbox 1222 1398 1369 1461; x_wconf 92' lang='lat' dir='ltr'>codicum</span> <span class='ocrx_word' id='word_1_112' title='bbox 1392 1397 1559 1460; x_wconf 90' lang='lat' dir='ltr'>adfinitate</span> <span class='ocrx_word' id='word_1_113' title='bbox 1577 1404 1610 1460; x_wconf 90' lang='lat' dir='ltr'>ct</span> <span class='ocrx_word' id='word_1_114' title='bbox 1626 1396 1819 1460; x_wconf 89' lang='lat' dir='ltr'>auctoritate</span> <span class='ocrx_word' id='word_1_115' title='bbox 1844 1417 1909 1459; x_wconf 92' lang='lat' dir='ltr'>non</span> 
     </span>
     <span class='ocr_line' id='line_1_11' title="bbox 256 1497 1910 1583; baseline 0.001 -24"><span class='ocrx_word' id='word_1_116' title='bbox 256 1497 386 1581; x_wconf 90' lang='lat' dir='ltr'>reliquit</span> <span class='ocrx_word' id='word_1_117' title='bbox 409 1499 726 1579; x_wconf 87' lang='lat' dir='ltr'>commentationem,</span> <span class='ocrx_word' id='word_1_118' title='bbox 750 1499 858 1583; x_wconf 93' lang='lat' dir='ltr'>ipsum</span> <span class='ocrx_word' id='word_1_119' title='bbox 883 1499 1016 1563; x_wconf 86' lang='lat' dir='ltr'>editoris</span> <span class='ocrx_word' id='word_1_120' title='bbox 1040 1500 1184 1564; x_wconf 89' lang='lat' dir='ltr'>officium</span> <span class='ocrx_word' id='word_1_121' title='bbox 1208 1506 1275 1564; x_wconf 93' lang='lat' dir='ltr'>tam</span> <span class='ocrx_word' id='word_1_122' title='bbox 1293 1502 1443 1565; x_wconf 82' lang='lat' dir='ltr'>sollerter</span> <span class='ocrx_word' id='word_1_123' title='bbox 1459 1506 1618 1563; x_wconf 87' lang='lat' dir='ltr'>executus</span> <span class='ocrx_word' id='word_1_124' title='bbox 1634 1506 1694 1576; x_wconf 91' lang='lat' dir='ltr'>cst,</span> <span class='ocrx_word' id='word_1_125' title='bbox 1718 1505 1754 1561; x_wconf 92' lang='lat' dir='ltr'>ut</span> <span class='ocrx_word' id='word_1_126' title='bbox 1770 1498 1910 1582; x_wconf 85' lang='lat' dir='ltr'>vestigia</span> 
     </span>
     <span class='ocr_line' id='line_1_12' title="bbox 255 1599 1909 1689; baseline 0.001 -27"><span class='ocrx_word' id='word_1_127' title='bbox 255 1599 325 1662; x_wconf 91' lang='lat' dir='ltr'>eius</span> <span class='ocrx_word' id='word_1_128' title='bbox 348 1607 535 1685; x_wconf 89' lang='lat' dir='ltr'>prementes</span> <span class='ocrx_word' id='word_1_129' title='bbox 565 1602 635 1666; x_wconf 91' lang='lat' dir='ltr'>sine</span> <span class='ocrx_word' id='word_1_130' title='bbox 667 1602 767 1666; x_wconf 91' lang='lat' dir='ltr'>nimio</span> <span class='ocrx_word' id='word_1_131' title='bbox 790 1603 923 1687; x_wconf 91' lang='lat' dir='ltr'>nogotio</span> <span class='ocrx_word' id='word_1_132' title='bbox 953 1603 1060 1689; x_wconf 90' lang='lat' dir='ltr'>operis</span> <span class='ocrx_word' id='word_1_133' title='bbox 1088 1603 1302 1669; x_wconf 89' lang='lat' dir='ltr'>fundamenta</span> <span class='ocrx_word' id='word_1_134' title='bbox 1330 1625 1367 1668; x_wconf 98' lang='lat' dir='ltr'>ac</span> <span class='ocrx_word' id='word_1_135' title='bbox 1397 1605 1488 1689; x_wconf 87' lang='lat' dir='ltr'>leges</span> <span class='ocrx_word' id='word_1_136' title='bbox 1517 1623 1764 1687; x_wconf 86' lang='lat' dir='ltr'>cognoscamus.</span> <span class='ocrx_word' id='word_1_137' title='bbox 1810 1607 1909 1686; x_wconf 91' lang='lat' dir='ltr'>atque</span> 
     </span>
     <span class='ocr_line' id='line_1_13' title="bbox 255 1703 1909 1792; baseline 0.001 -28"><span class='ocrx_word' id='word_1_138' title='bbox 255 1703 394 1786; x_wconf 89' lang='lat' dir='ltr'>primum</span> <span class='ocrx_word' id='word_1_139' title='bbox 417 1703 559 1788; x_wconf 91' lang='lat' dir='ltr'>quidem,</span> <span class='ocrx_word' id='word_1_140' title='bbox 583 1704 669 1790; x_wconf 92' lang='lat' dir='ltr'>quod</span> <span class='ocrx_word' id='word_1_141' title='bbox 694 1727 855 1770; x_wconf 91' lang='lat' dir='ltr'>summum</span> <span class='ocrx_word' id='word_1_142' title='bbox 879 1713 960 1786; x_wconf 90' lang='lat' dir='ltr'>erat,</span> <span class='ocrx_word' id='word_1_143' title='bbox 984 1706 1084 1771; x_wconf 95' lang='lat' dir='ltr'>libros</span> <span class='ocrx_word' id='word_1_144' title='bbox 1109 1707 1303 1772; x_wconf 87' lang='lat' dir='ltr'>recensendi</span> <span class='ocrx_word' id='word_1_145' title='bbox 1327 1707 1440 1788; x_wconf 80' lang='lat' dir='ltr'>Sidoni</span> <span class='ocrx_word' id='word_1_146' title='bbox 1464 1706 1617 1792; x_wconf 91' lang='lat' dir='ltr'>operibus</span> <span class='ocrx_word' id='word_1_147' title='bbox 1641 1705 1828 1769; x_wconf 90' lang='lat' dir='ltr'>necessario</span> <span class='ocrx_word' id='word_1_148' title='bbox 1853 1703 1909 1766; x_wconf 89' lang='lat' dir='ltr'>ad·</span> 
     </span>
     <span class='ocr_line' id='line_1_14' title="bbox 254 1805 1909 1894; baseline 0.001 -26"><span class='ocrx_word' id='word_1_149' title='bbox 254 1805 419 1870; x_wconf 71' lang='lat' dir='ltr'>hibendos&#39;</span> <span class='ocrx_word' id='word_1_150' title='bbox 440 1814 506 1872; x_wconf 92' lang='lat' dir='ltr'>tam</span> <span class='ocrx_word' id='word_1_151' title='bbox 530 1815 620 1872; x_wconf 91' lang='lat' dir='ltr'>certo</span> <span class='ocrx_word' id='word_1_152' title='bbox 645 1808 765 1872; x_wconf 90' lang='lat' dir='ltr'>iudicio</span> <span class='ocrx_word' id='word_1_153' title='bbox 789 1811 906 1894; x_wconf 88' lang='lat' dir='ltr'>elegit,</span> <span class='ocrx_word' id='word_1_154' title='bbox 935 1831 998 1873; x_wconf 93' lang='lat' dir='ltr'>non</span> <span class='ocrx_word' id='word_1_155' title='bbox 1021 1812 1227 1875; x_wconf 89' lang='lat' dir='ltr'>necessarios</span> <span class='ocrx_word' id='word_1_156' title='bbox 1249 1808 1286 1874; x_wconf 55' lang='lat' dir='ltr'>&#39;re</span> <span class='ocrx_word' id='word_1_157' title='bbox 1309 1813 1427 1876; x_wconf 90' lang='lat' dir='ltr'>iterum</span> <span class='ocrx_word' id='word_1_158' title='bbox 1451 1812 1634 1894; x_wconf 90' lang='lat' dir='ltr'>iterumque</span> <span class='ocrx_word' id='word_1_159' title='bbox 1658 1808 1820 1893; x_wconf 83' lang='lat' dir='ltr'>pensitato</span> <span class='ocrx_word' id='word_1_160' title='bbox 1844 1814 1909 1870; x_wconf 89' lang='lat' dir='ltr'>tam</span> 
     </span>
     <span class='ocr_line' id='line_1_15' title="bbox 256 1907 1911 2001; baseline 0 -29"><span class='ocrx_word' id='word_1_161' title='bbox 256 1929 337 1974; x_wconf 90' lang='lat' dir='ltr'>sana</span> <span class='ocrx_word' id='word_1_162' title='bbox 360 1911 485 1975; x_wconf 90' lang='lat' dir='ltr'>ratione</span> <span class='ocrx_word' id='word_1_163' title='bbox 509 1933 589 1975; x_wconf 92' lang='lat' dir='ltr'>usus</span> <span class='ocrx_word' id='word_1_164' title='bbox 614 1911 749 1992; x_wconf 90' lang='lat' dir='ltr'>abiecit,</span> <span class='ocrx_word' id='word_1_165' title='bbox 778 1919 814 1975; x_wconf 93' lang='lat' dir='ltr'>ut</span> <span class='ocrx_word' id='word_1_166' title='bbox 841 1913 916 1976; x_wconf 92' lang='lat' dir='ltr'>huic</span> <span class='ocrx_word' id='word_1_167' title='bbox 945 1912 1075 1996; x_wconf 92' lang='lat' dir='ltr'>quidem</span> <span class='ocrx_word' id='word_1_168' title='bbox 1105 1907 1306 1979; x_wconf 86' lang='lat' dir='ltr'>recensionis</span> <span class='ocrx_word' id='word_1_169' title='bbox 1336 1916 1422 2001; x_wconf 90' lang='lat' dir='ltr'>parti</span> <span class='ocrx_word' id='word_1_170' title='bbox 1449 1915 1574 1978; x_wconf 92' lang='lat' dir='ltr'>nullum</span> <span class='ocrx_word' id='word_1_171' title='bbox 1596 1912 1732 1975; x_wconf 87' lang='lat' dir='ltr'>verbum</span> <span class='ocrx_word' id='word_1_172' title='bbox 1760 1909 1911 1974; x_wconf 87' lang='lat' dir='ltr'>videatur</span> 
     </span>
     <span class='ocr_line' id='line_1_16' title="bbox 208 2012 1619 2106; baseline 0.004 -32"><span class='ocrx_word' id='word_1_173' title='bbox 208 2101 209 2104; x_wconf 7' lang='grc' dir='ltr'><strong>Ἴ</strong></span> <span class='ocrx_word' id='word_1_174' title='bbox 257 2012 442 2078; x_wconf 86' lang='lat' dir='ltr'>addendum</span> <span class='ocrx_word' id='word_1_175' title='bbox 467 2037 550 2080; x_wconf 91' lang='lat' dir='ltr'>esse.</span> <span class='ocrx_word' id='word_1_176' title='bbox 598 2015 746 2079; x_wconf 91' lang='lat' dir='ltr'>adhibuit</span> <span class='ocrx_word' id='word_1_177' title='bbox 769 2021 890 2096; x_wconf 87' lang='lat' dir='ltr'>autem,</span> <span class='ocrx_word' id='word_1_178' title='bbox 913 2022 949 2079; x_wconf 93' lang='lat' dir='ltr'>ut</span> <span class='ocrx_word' id='word_1_179' title='bbox 972 2016 1103 2080; x_wconf 89' lang='lat' dir='ltr'>nomina</span> <span class='ocrx_word' id='word_1_180' title='bbox 1127 2019 1244 2082; x_wconf 89' lang='lat' dir='ltr'>saltem</span> <span class='ocrx_word' id='word_1_181' title='bbox 1268 2026 1465 2106; x_wconf 86' lang='lat' dir='ltr'>repetamus,</span> <span class='ocrx_word' id='word_1_182' title='bbox 1489 2017 1619 2080; x_wconf 91' lang='lat' dir='ltr'>codices</span> 
     </span>
    </p>
   </div>
   <div class='ocr_carea' id='block_1_3' title="bbox 719 2135 1411 2739">
    <p class='ocr_par' dir='ltr' id='par_1_3' title="bbox 719 2135 1411 2325">
     <span class='ocr_line' id='line_1_17' title="bbox 719 2135 1411 2222; baseline 0.006 -24"><span class='ocrx_word' id='word_1_183' title='bbox 719 2136 748 2198; x_wconf 83' lang='lat' dir='ltr'><em>L</em></span> <span class='ocrx_word' id='word_1_184' title='bbox 771 2135 976 2200; x_wconf 87' lang='lat' dir='ltr'>Laudianum</span> <span class='ocrx_word' id='word_1_185' title='bbox 1001 2159 1087 2202; x_wconf 92' lang='lat' dir='ltr'>saec.</span> <span class='ocrx_word' id='word_1_186' title='bbox 1111 2137 1143 2200; x_wconf 88' lang='lat' dir='ltr'>X</span> <span class='ocrx_word' id='word_1_187' title='bbox 1166 2137 1209 2221; x_wconf 84' lang='lat' dir='ltr'>(v.</span> <span class='ocrx_word' id='word_1_188' title='bbox 1228 2161 1253 2202; x_wconf 94' lang='lat' dir='ltr'>s.</span> <span class='ocrx_word' id='word_1_189' title='bbox 1269 2160 1300 2222; x_wconf 93' lang='lat' dir='ltr'>p.</span> <span class='ocrx_word' id='word_1_190' title='bbox 1317 2138 1411 2222; x_wconf 90' lang='lat' dir='ltr'><strong>XVI)</strong></span> 
     </span>
     <span class='ocr_line' id='line_1_18' title="bbox 721 2239 1265 2325; baseline 0.002 -22"><span class='ocrx_word' id='word_1_191' title='bbox 721 2239 766 2303; x_wconf 87' lang='lat' dir='ltr'><em>M</em></span> <span class='ocrx_word' id='word_1_192' title='bbox 784 2239 986 2304; x_wconf 89' lang='lat' dir='ltr'>Marcianum</span> <span class='ocrx_word' id='word_1_193' title='bbox 1010 2241 1083 2306; x_wconf 86' lang='lat' dir='ltr'>sX</span> <span class='ocrx_word' id='word_1_194' title='bbox 1109 2240 1152 2325; x_wconf 90' lang='lat' dir='ltr'>(p.</span> <span class='ocrx_word' id='word_1_195' title='bbox 1169 2241 1265 2325; x_wconf 86' lang='lat' dir='ltr'>XIV)</span> 
     </span>
    </p>

    <p class='ocr_par' dir='ltr' id='par_1_4' title="bbox 724 2342 1351 2430">
     <span class='ocr_line' id='line_1_19' title="bbox 724 2342 1351 2430; baseline 0 -24"><span class='ocrx_word' id='word_1_196' title='bbox 724 2343 754 2406; x_wconf 76' lang='lat' dir='ltr'><em>T</em></span> <span class='ocrx_word' id='word_1_197' title='bbox 773 2342 1029 2407; x_wconf 88' lang='lat' dir='ltr'>Laurentianum</span> <span class='ocrx_word' id='word_1_198' title='bbox 1054 2368 1079 2409; x_wconf 93' lang='lat' dir='ltr'>s.</span> <span class='ocrx_word' id='word_1_199' title='bbox 1096 2344 1165 2408; x_wconf 87' lang='lat' dir='ltr'>XII</span> <span class='ocrx_word' id='word_1_200' title='bbox 1189 2345 1235 2430; x_wconf 89' lang='lat' dir='ltr'>(p.</span> <span class='ocrx_word' id='word_1_201' title='bbox 1252 2344 1351 2426; x_wconf 80' lang='lat' dir='ltr'>XIII)</span> 
     </span>
    </p>

    <p class='ocr_par' dir='ltr' id='par_1_5' title="bbox 726 2443 1335 2535">
     <span class='ocr_line' id='line_1_20' title="bbox 726 2443 1335 2535; baseline 0.002 -26"><span class='ocrx_word' id='word_1_202' title='bbox 726 2443 755 2510; x_wconf 83' lang='lat'><em>0</em></span> <span class='ocrx_word' id='word_1_203' title='bbox 774 2445 1025 2512; x_wconf 83' lang='lat' dir='ltr'>Oluniacensem</span> <span class='ocrx_word' id='word_1_204' title='bbox 1050 2471 1077 2514; x_wconf 87' lang='lat' dir='ltr'>s.·</span> <span class='ocrx_word' id='word_1_205' title='bbox 1091 2447 1185 2528; x_wconf 77' lang='lat' dir='ltr'>XlXI</span> <span class='ocrx_word' id='word_1_206' title='bbox 1208 2448 1252 2535; x_wconf 92' lang='lat' dir='ltr'>(p.</span> <span class='ocrx_word' id='word_1_207' title='bbox 1272 2447 1335 2532; x_wconf 88' lang='lat' dir='ltr'>VI)</span> 
     </span>
    </p>

    <p class='ocr_par' dir='ltr' id='par_1_6' title="bbox 721 2549 1262 2637">
     <span class='ocr_line' id='line_1_21' title="bbox 721 2549 1262 2637; baseline 0.002 -24"><span class='ocrx_word' id='word_1_208' title='bbox 721 2549 757 2613; x_wconf 88' lang='lat' dir='ltr'><strong><em>F</em></strong></span> <span class='ocrx_word' id='word_1_209' title='bbox 775 2551 957 2614; x_wconf 89' lang='lat' dir='ltr'>Parisinum</span> <span class='ocrx_word' id='word_1_210' title='bbox 982 2573 1007 2616; x_wconf 91' lang='lat' dir='ltr'>s.</span> <span class='ocrx_word' id='word_1_211' title='bbox 1027 2549 1094 2614; x_wconf 89' lang='lat' dir='ltr'>XII</span> <span class='ocrx_word' id='word_1_212' title='bbox 1118 2549 1163 2637; x_wconf 90' lang='lat' dir='ltr'>(p.</span> <span class='ocrx_word' id='word_1_213' title='bbox 1180 2550 1262 2633; x_wconf 88' lang='lat' dir='ltr'>VII)</span> 
     </span>
    </p>

    <p class='ocr_par' dir='ltr' id='par_1_7' title="bbox 720 2652 1288 2739">
     <span class='ocr_line' id='line_1_22' title="bbox 720 2652 1288 2739; baseline 0 -23"><span class='ocrx_word' id='word_1_214' title='bbox 720 2653 753 2716; x_wconf 93' lang='lat' dir='ltr'><em>P</em></span> <span class='ocrx_word' id='word_1_215' title='bbox 773 2653 956 2718; x_wconf 88' lang='lat' dir='ltr'>Puteanum</span> <span class='ocrx_word' id='word_1_216' title='bbox 981 2678 1006 2719; x_wconf 92' lang='lat' dir='ltr'>s.</span> <span class='ocrx_word' id='word_1_217' title='bbox 1025 2654 1120 2732; x_wconf 69' lang='lat' dir='ltr'>xsxl</span> <span class='ocrx_word' id='word_1_218' title='bbox 1143 2653 1189 2739; x_wconf 87' lang='lat' dir='ltr'>(p.</span> <span class='ocrx_word' id='word_1_219' title='bbox 1205 2652 1288 2735; x_wconf 89' lang='lat' dir='ltr'>XII)</span> 
     </span>
    </p>
   </div>
   <div class='ocr_carea' id='block_1_4' title="bbox 255 2770 1961 3792">
    <p class='ocr_par' dir='ltr' id='par_1_8' title="bbox 255 2770 1961 3792">
     <span class='ocr_line' id='line_1_23' title="bbox 369 2770 1909 2860; baseline -0.001 -26"><span class='ocrx_word' id='word_1_220' title='bbox 369 2770 460 2835; x_wconf 92' lang='lat' dir='ltr'>Inter</span> <span class='ocrx_word' id='word_1_221' title='bbox 482 2773 542 2836; x_wconf 93' lang='lat' dir='ltr'>hos</span> <span class='ocrx_word' id='word_1_222' title='bbox 559 2773 699 2853; x_wconf 90' lang='lat' dir='ltr'>codices,</span> <span class='ocrx_word' id='word_1_223' title='bbox 723 2796 860 2860; x_wconf 90' lang='lat' dir='ltr'>quorum</span> <span class='ocrx_word' id='word_1_224' title='bbox 876 2776 999 2860; x_wconf 91' lang='lat' dir='ltr'>primus</span> <span class='ocrx_word' id='word_1_225' title='bbox 1021 2797 1084 2839; x_wconf 92' lang='lat' dir='ltr'>non</span> <span class='ocrx_word' id='word_1_226' title='bbox 1102 2777 1248 2840; x_wconf 90' lang='lat' dir='ltr'>continet</span> <span class='ocrx_word' id='word_1_227' title='bbox 1261 2777 1416 2854; x_wconf 90' lang='lat' dir='ltr'>carmina,</span> <span class='ocrx_word' id='word_1_228' title='bbox 1441 2775 1605 2838; x_wconf 90' lang='lat' dir='ltr'>secundus</span> <span class='ocrx_word' id='word_1_229' title='bbox 1622 2774 1766 2836; x_wconf 88' lang='lat' dir='ltr'>carmina</span> <span class='ocrx_word' id='word_1_230' title='bbox 1783 2776 1909 2834; x_wconf 90' lang='lat' dir='ltr'>tantum</span> 
     </span>
     <span class='ocr_line' id='line_1_24' title="bbox 256 2875 1910 2964; baseline 0.001 -29"><span class='ocrx_word' id='word_1_231' title='bbox 256 2878 330 2936; x_wconf 91' lang='lat' dir='ltr'>octo</span> <span class='ocrx_word' id='word_1_232' title='bbox 360 2875 482 2959; x_wconf 85' lang='lat' dir='ltr'>priora,</span> <span class='ocrx_word' id='word_1_233' title='bbox 515 2898 598 2961; x_wconf 89' lang='lat' dir='ltr'>quae</span> <span class='ocrx_word' id='word_1_234' title='bbox 626 2879 708 2942; x_wconf 92' lang='lat' dir='ltr'>ratio</span> <span class='ocrx_word' id='word_1_235' title='bbox 740 2878 921 2943; x_wconf 84' lang='lat' dir='ltr'>intercedat</span> <span class='ocrx_word' id='word_1_236' title='bbox 953 2879 1104 2964; x_wconf 92' lang='lat' dir='ltr'>quodque</span> <span class='ocrx_word' id='word_1_237' title='bbox 1134 2879 1271 2963; x_wconf 90' lang='lat' dir='ltr'>singulis</span> <span class='ocrx_word' id='word_1_238' title='bbox 1300 2879 1332 2940; x_wconf 94' lang='lat' dir='ltr'>in</span> <span class='ocrx_word' id='word_1_239' title='bbox 1363 2879 1522 2963; x_wconf 89' lang='lat' dir='ltr'>epistulas</span> <span class='ocrx_word' id='word_1_240' title='bbox 1548 2876 1662 2940; x_wconf 82' lang='lat' dir='ltr'>Sidoni</span> <span class='ocrx_word' id='word_1_241' title='bbox 1693 2881 1726 2938; x_wconf 92' lang='lat' dir='ltr'>ct</span> <span class='ocrx_word' id='word_1_242' title='bbox 1757 2880 1910 2959; x_wconf 91' lang='lat' dir='ltr'>poemata</span> 
     </span>
     <span class='ocr_line' id='line_1_25' title="bbox 255 2977 1909 3068; baseline 0 -29"><span class='ocrx_word' id='word_1_243' title='bbox 255 2978 457 3042; x_wconf 89' lang='lat' dir='ltr'>recensenda</span> <span class='ocrx_word' id='word_1_244' title='bbox 480 2988 680 3044; x_wconf 85' lang='lat' dir='ltr'>momentum</span> <span class='ocrx_word' id='word_1_245' title='bbox 704 2982 913 3046; x_wconf 89' lang='lat' dir='ltr'>tribuendum</span> <span class='ocrx_word' id='word_1_246' title='bbox 946 2984 987 3046; x_wconf 92' lang='lat' dir='ltr'>sit</span> <span class='ocrx_word' id='word_1_247' title='bbox 1015 2983 1061 3047; x_wconf 92' lang='lat' dir='ltr'>ita</span> <span class='ocrx_word' id='word_1_248' title='bbox 1085 3004 1303 3068; x_wconf 87' lang='lat' dir='ltr'>exponemus,</span> <span class='ocrx_word' id='word_1_249' title='bbox 1332 2987 1368 3044; x_wconf 92' lang='lat' dir='ltr'>ut</span> <span class='ocrx_word' id='word_1_250' title='bbox 1392 2981 1487 3045; x_wconf 92' lang='lat' dir='ltr'>simul</span> <span class='ocrx_word' id='word_1_251' title='bbox 1510 2981 1659 3044; x_wconf 91' lang='lat' dir='ltr'>lectionis</span> <span class='ocrx_word' id='word_1_252' title='bbox 1688 3000 1730 3041; x_wconf 83' lang='lat' dir='ltr'>ex</span> <span class='ocrx_word' id='word_1_253' title='bbox 1753 2977 1909 3040; x_wconf 92' lang='lat' dir='ltr'>librorum</span> 
     </span>
     <span class='ocr_line' id='line_1_26' title="bbox 255 3080 1907 3171; baseline 0 -29"><span class='ocrx_word' id='word_1_254' title='bbox 255 3082 411 3145; x_wconf 89' lang='lat' dir='ltr'>memoria</span> <span class='ocrx_word' id='word_1_255' title='bbox 427 3085 676 3149; x_wconf 88' lang='lat' dir='ltr'>constituendae</span> <span class='ocrx_word' id='word_1_256' title='bbox 700 3091 756 3148; x_wconf 89' lang='lat' dir='ltr'>aut</span> <span class='ocrx_word' id='word_1_257' title='bbox 779 3107 892 3148; x_wconf 91' lang='lat' dir='ltr'>norma</span> <span class='ocrx_word' id='word_1_258' title='bbox 909 3091 1074 3171; x_wconf 84' lang='lat' dir='ltr'>appareat</span> <span class='ocrx_word' id='word_1_259' title='bbox 1097 3092 1153 3150; x_wconf 91' lang='lat' dir='ltr'>aut</span> <span class='ocrx_word' id='word_1_260' title='bbox 1176 3086 1318 3151; x_wconf 90' lang='lat' dir='ltr'>licentia.</span> <span class='ocrx_word' id='word_1_261' title='bbox 1362 3091 1460 3168; x_wconf 91' lang='lat' dir='ltr'>atque</span> <span class='ocrx_word' id='word_1_262' title='bbox 1477 3084 1618 3146; x_wconf 93' lang='lat' dir='ltr'>omnium</span> <span class='ocrx_word' id='word_1_263' title='bbox 1634 3082 1784 3167; x_wconf 89' lang='lat' dir='ltr'>primum,</span> <span class='ocrx_word' id='word_1_264' title='bbox 1808 3087 1844 3143; x_wconf 92' lang='lat' dir='ltr'>ut</span> <span class='ocrx_word' id='word_1_265' title='bbox 1867 3080 1907 3143; x_wconf 87' lang='lat' dir='ltr'>ab</span> 
     </span>
     <span class='ocr_line' id='line_1_27' title="bbox 255 3184 1909 3273; baseline 0.001 -28"><span class='ocrx_word' id='word_1_266' title='bbox 255 3184 404 3269; x_wconf 89' lang='lat' dir='ltr'>epistulis</span> <span class='ocrx_word' id='word_1_267' title='bbox 428 3188 649 3252; x_wconf 90' lang='lat' dir='ltr'>recensendis·</span> <span class='ocrx_word' id='word_1_268' title='bbox 663 3188 868 3273; x_wconf 81' lang='lat' dir='ltr'>incipiamus,</span> <span class='ocrx_word' id='word_1_269' title='bbox 894 3196 1021 3254; x_wconf 90' lang='lat' dir='ltr'>constat</span> <span class='ocrx_word' id='word_1_270' title='bbox 1044 3188 1171 3253; x_wconf 91' lang='lat' dir='ltr'>codices</span> <span class='ocrx_word' id='word_1_271' title='bbox 1188 3187 1404 3253; x_wconf 81' lang='lat' dir='ltr'><em>LMTOFP</em></span> <span class='ocrx_word' id='word_1_272' title='bbox 1422 3187 1558 3272; x_wconf 89' lang='lat' dir='ltr'>(addere</span> <span class='ocrx_word' id='word_1_273' title='bbox 1577 3192 1686 3251; x_wconf 92' lang='lat' dir='ltr'>autem</span> <span class='ocrx_word' id='word_1_274' title='bbox 1703 3186 1779 3248; x_wconf 91' lang='lat' dir='ltr'>licet</span> <span class='ocrx_word' id='word_1_275' title='bbox 1795 3204 1909 3248; x_wconf 88' lang='lat' dir='ltr'>omnes</span> 
     </span>
     <span class='ocr_line' id='line_1_28' title="bbox 256 3286 1909 3378; baseline 0 -27"><span class='ocrx_word' id='word_1_276' title='bbox 256 3288 376 3372; x_wconf 91' lang='lat' dir='ltr'>quibus</span> <span class='ocrx_word' id='word_1_277' title='bbox 394 3291 514 3354; x_wconf 92' lang='lat' dir='ltr'>utimur</span> <span class='ocrx_word' id='word_1_278' title='bbox 526 3291 639 3356; x_wconf 81' lang='lat' dir='ltr'>Sidoni</span> <span class='ocrx_word' id='word_1_279' title='bbox 655 3290 800 3375; x_wconf 88' lang='lat' dir='ltr'>codices)</span> <span class='ocrx_word' id='word_1_280' title='bbox 817 3314 860 3357; x_wconf 82' lang='lat' dir='ltr'>ex</span> <span class='ocrx_word' id='word_1_281' title='bbox 876 3314 940 3357; x_wconf 96' lang='lat' dir='ltr'>uno</span> <span class='ocrx_word' id='word_1_282' title='bbox 959 3292 1141 3378; x_wconf 90' lang='lat' dir='ltr'>eodemque</span> <span class='ocrx_word' id='word_1_283' title='bbox 1155 3294 1344 3378; x_wconf 90' lang='lat' dir='ltr'>archetypo,</span> <span class='ocrx_word' id='word_1_284' title='bbox 1361 3298 1458 3376; x_wconf 92' lang='lat' dir='ltr'>atque</span> <span class='ocrx_word' id='word_1_285' title='bbox 1477 3312 1515 3355; x_wconf 94' lang='lat' dir='ltr'>eo</span> <span class='ocrx_word' id='word_1_286' title='bbox 1530 3311 1593 3353; x_wconf 92' lang='lat' dir='ltr'>non</span> <span class='ocrx_word' id='word_1_287' title='bbox 1611 3288 1833 3354; x_wconf 86' lang='lat' dir='ltr'>vetustissimo</span> <span class='ocrx_word' id='word_1_288' title='bbox 1848 3286 1909 3372; x_wconf 80' lang='lat' dir='ltr'>(a),</span> 
     </span>
     <span class='ocr_line' id='line_1_29' title="bbox 256 3391 1961 3482; baseline 0 -27"><span class='ocrx_word' id='word_1_289' title='bbox 256 3392 414 3476; x_wconf 87' lang='lat' dir='ltr'>originem</span> <span class='ocrx_word' id='word_1_290' title='bbox 432 3395 552 3458; x_wconf 93' lang='lat' dir='ltr'>ducere</span> <span class='ocrx_word' id='word_1_291' title='bbox 563 3394 598 3480; x_wconf 83' lang='lat'>¹).</span> <span class='ocrx_word' id='word_1_292' title='bbox 638 3395 870 3482; x_wconf 88' lang='lat' dir='ltr'>comprobatur</span> <span class='ocrx_word' id='word_1_293' title='bbox 892 3396 954 3460; x_wconf 92' lang='lat' dir='ltr'>hoo</span> <span class='ocrx_word' id='word_1_294' title='bbox 970 3417 1009 3460; x_wconf 90' lang='lat' dir='ltr'>eo</span> <span class='ocrx_word' id='word_1_295' title='bbox 1027 3397 1113 3482; x_wconf 92' lang='lat' dir='ltr'>quod</span> <span class='ocrx_word' id='word_1_296' title='bbox 1130 3398 1292 3482; x_wconf 91' lang='lat' dir='ltr'>epistulae</span> <span class='ocrx_word' id='word_1_297' title='bbox 1311 3395 1389 3473; x_wconf 91' lang='lat' dir='ltr'>VII,</span> <span class='ocrx_word' id='word_1_298' title='bbox 1402 3398 1431 3458; x_wconf 88' lang='grc'>6.</span> <span class='ocrx_word' id='word_1_299' title='bbox 1446 3397 1463 3457; x_wconf 86' lang='grc'>7</span> <span class='ocrx_word' id='word_1_300' title='bbox 1481 3395 1514 3456; x_wconf 93' lang='lat' dir='ltr'>in</span> <span class='ocrx_word' id='word_1_301' title='bbox 1530 3393 1679 3456; x_wconf 91' lang='lat' dir='ltr'>omnibus</span> <span class='ocrx_word' id='word_1_302' title='bbox 1696 3397 1752 3455; x_wconf 89' lang='lat' dir='ltr'>aut</span> <span class='ocrx_word' id='word_1_303' title='bbox 1768 3391 1908 3455; x_wconf 90' lang='lat' dir='ltr'>omissae</span> <span class='ocrx_word' id='word_1_304' title='bbox 1936 3424 1961 3467; x_wconf 70' lang='lat' dir='ltr'>a</span> 
     </span>
     <span class='ocr_line' id='line_1_30' title="bbox 255 3495 1908 3585; baseline 0.001 -27"><span class='ocrx_word' id='word_1_305' title='bbox 255 3502 330 3559; x_wconf 90' lang='lat' dir='ltr'>sunt</span> <span class='ocrx_word' id='word_1_306' title='bbox 358 3504 414 3560; x_wconf 92' lang='lat' dir='ltr'>aut</span> <span class='ocrx_word' id='word_1_307' title='bbox 436 3499 597 3562; x_wconf 89' lang='lat' dir='ltr'>incertum</span> <span class='ocrx_word' id='word_1_308' title='bbox 626 3501 732 3563; x_wconf 93' lang='lat' dir='ltr'>locum</span> <span class='ocrx_word' id='word_1_309' title='bbox 756 3506 884 3579; x_wconf 92' lang='lat' dir='ltr'>tenent,</span> <span class='ocrx_word' id='word_1_310' title='bbox 914 3501 975 3563; x_wconf 90' lang='lat' dir='ltr'>nisi</span> <span class='ocrx_word' id='word_1_311' title='bbox 1000 3499 1086 3584; x_wconf 93' lang='lat' dir='ltr'>quod</span> <span class='ocrx_word' id='word_1_312' title='bbox 1114 3502 1147 3563; x_wconf 96' lang='lat' dir='ltr'>in</span> <span class='ocrx_word' id='word_1_313' title='bbox 1170 3500 1207 3564; x_wconf 83' lang='lat' dir='ltr'><em>F</em></span> <span class='ocrx_word' id='word_1_314' title='bbox 1224 3505 1300 3585; x_wconf 91' lang='lat' dir='ltr'>post</span> <span class='ocrx_word' id='word_1_315' title='bbox 1315 3498 1428 3578; x_wconf 84' lang='lat' dir='ltr'>VII,7</span> <span class='ocrx_word' id='word_1_316' title='bbox 1452 3498 1583 3561; x_wconf 91' lang='lat' dir='ltr'>demum</span> <span class='ocrx_word' id='word_1_317' title='bbox 1608 3495 1732 3559; x_wconf 88' lang='lat' dir='ltr'>turbari</span> <span class='ocrx_word' id='word_1_318' title='bbox 1756 3501 1908 3582; x_wconf 92' lang='lat' dir='ltr'>coeptum</span> 
     </span>
     <span class='ocr_line' id='line_1_31' title="bbox 256 3599 1909 3689; baseline -0.001 -27"><span class='ocrx_word' id='word_1_319' title='bbox 256 3606 321 3674; x_wconf 90' lang='lat' dir='ltr'>est;</span> <span class='ocrx_word' id='word_1_320' title='bbox 351 3599 435 3685; x_wconf 91' lang='lat' dir='ltr'>quod</span> <span class='ocrx_word' id='word_1_321' title='bbox 467 3601 499 3664; x_wconf 92' lang='lat' dir='ltr'>in</span> <span class='ocrx_word' id='word_1_322' title='bbox 532 3603 683 3666; x_wconf 90' lang='lat' dir='ltr'>omuibus</span> <span class='ocrx_word' id='word_1_323' title='bbox 712 3609 844 3688; x_wconf 90' lang='lat' dir='ltr'>praeter</span> <span class='ocrx_word' id='word_1_324' title='bbox 871 3601 1208 3689; x_wconf 80' lang='lat' dir='ltr'>CepistulaVIII,2</span> <span class='ocrx_word' id='word_1_325' title='bbox 1238 3610 1295 3668; x_wconf 91' lang='lat' dir='ltr'>aut</span> <span class='ocrx_word' id='word_1_326' title='bbox 1319 3604 1440 3666; x_wconf 88' lang='lat' dir='ltr'>omissa</span> <span class='ocrx_word' id='word_1_327' title='bbox 1468 3605 1519 3665; x_wconf 90' lang='lat' dir='ltr'>est</span> <span class='ocrx_word' id='word_1_328' title='bbox 1547 3605 1603 3662; x_wconf 90' lang='lat' dir='ltr'>aut</span> <span class='ocrx_word' id='word_1_329' title='bbox 1634 3618 1699 3661; x_wconf 91' lang='lat' dir='ltr'>non</span> <span class='ocrx_word' id='word_1_330' title='bbox 1723 3605 1814 3662; x_wconf 91' lang='lat' dir='ltr'>recto</span> <span class='ocrx_word' id='word_1_331' title='bbox 1837 3600 1909 3662; x_wconf 90' lang='lat' dir='ltr'>loco</span> 
     </span>
     <span class='ocr_line' id='line_1_32' title="bbox 255 3701 1908 3792; baseline 0.001 -28"><span class='ocrx_word' id='word_1_332' title='bbox 255 3701 345 3786; x_wconf 77' lang='lat' dir='ltr'>(nam</span> <span class='ocrx_word' id='word_1_333' title='bbox 357 3702 450 3784; x_wconf 89' lang='lat' dir='ltr'>VIII,</span> <span class='ocrx_word' id='word_1_334' title='bbox 471 3709 483 3766; x_wconf 86' lang='lat'>1</span> <span class='ocrx_word' id='word_1_335' title='bbox 508 3705 706 3790; x_wconf 86' lang='lat' dir='ltr'>praefatoria</span> <span class='ocrx_word' id='word_1_336' title='bbox 729 3712 789 3786; x_wconf 88' lang='lat' dir='ltr'>est,</span> <span class='ocrx_word' id='word_1_337' title='bbox 806 3704 901 3787; x_wconf 89' lang='lat' dir='ltr'>VIII,</span> <span class='ocrx_word' id='word_1_338' title='bbox 919 3709 938 3768; x_wconf 81' lang='grc'>2</span> <span class='ocrx_word' id='word_1_339' title='bbox 961 3707 1054 3791; x_wconf 89' lang='lat' dir='ltr'>quasi</span> <span class='ocrx_word' id='word_1_340' title='bbox 1077 3707 1182 3771; x_wconf 88' lang='lat' dir='ltr'>altera</span> <span class='ocrx_word' id='word_1_341' title='bbox 1198 3705 1358 3792; x_wconf 83' lang='lat' dir='ltr'>praelatio</span> <span class='ocrx_word' id='word_1_342' title='bbox 1375 3707 1452 3769; x_wconf 91' lang='lat' dir='ltr'>olim</span> <span class='ocrx_word' id='word_1_343' title='bbox 1468 3702 1633 3788; x_wconf 86' lang='lat' dir='ltr'>neglecta)</span> <span class='ocrx_word' id='word_1_344' title='bbox 1648 3701 1758 3786; x_wconf 91' lang='lat' dir='ltr'>posita</span> <span class='ocrx_word' id='word_1_345' title='bbox 1774 3703 1908 3787; x_wconf 86' lang='lat' dir='ltr'>legitur;</span> 
     </span>
    </p>
   </div>
   <div class='ocr_carea' id='block_1_5' title="bbox 160 3923 1924 5728">
    <p class='ocr_par' dir='ltr' id='par_1_9' title="bbox 363 3923 1909 3998">
     <span class='ocr_line' id='line_1_33' title="bbox 363 3923 1909 3998; baseline -0.002 -18"><span class='ocrx_word' id='word_1_346' title='bbox 363 3929 382 3992; x_wconf 86' lang='lat'>²)</span> <span class='ocrx_word' id='word_1_347' title='bbox 400 3927 423 3980; x_wconf 93' lang='lat' dir='ltr'>A</span> <span class='ocrx_word' id='word_1_348' title='bbox 443 3927 538 3981; x_wconf 87' lang='lat' dir='ltr'>codice</span> <span class='ocrx_word' id='word_1_349' title='bbox 556 3947 574 3978; x_wconf 89' lang='grc' dir='ltr'><strong><em>α</em></strong></span> <span class='ocrx_word' id='word_1_350' title='bbox 593 3944 665 3996; x_wconf 87' lang='lat' dir='ltr'>qnae</span> <span class='ocrx_word' id='word_1_351' title='bbox 683 3928 817 3982; x_wconf 86' lang='lat' dir='ltr'>afuerunt</span> <span class='ocrx_word' id='word_1_352' title='bbox 834 3930 867 3982; x_wconf 93' lang='lat' dir='ltr'>ut</span> <span class='ocrx_word' id='word_1_353' title='bbox 886 3945 919 3982; x_wconf 85' lang='lat' dir='ltr'>ex</span> <span class='ocrx_word' id='word_1_354' title='bbox 939 3931 1019 3998; x_wconf 89' lang='lat' dir='ltr'>parte</span> <span class='ocrx_word' id='word_1_355' title='bbox 1040 3946 1105 3982; x_wconf 90' lang='lat' dir='ltr'>casn</span> <span class='ocrx_word' id='word_1_356' title='bbox 1123 3927 1220 3981; x_wconf 88' lang='lat' dir='ltr'>amisit</span> <span class='ocrx_word' id='word_1_357' title='bbox 1238 3927 1279 3995; x_wconf 85' lang='lat' dir='ltr'>(id</span> <span class='ocrx_word' id='word_1_358' title='bbox 1297 3927 1371 3996; x_wconf 90' lang='lat' dir='ltr'>quod</span> <span class='ocrx_word' id='word_1_359' title='bbox 1389 3927 1449 3981; x_wconf 85' lang='lat' dir='ltr'>sine</span> <span class='ocrx_word' id='word_1_360' title='bbox 1461 3925 1547 3980; x_wconf 91' lang='lat' dir='ltr'>dubio</span> <span class='ocrx_word' id='word_1_361' title='bbox 1560 3925 1638 3980; x_wconf 88' lang='lat' dir='ltr'>cadit</span> <span class='ocrx_word' id='word_1_362' title='bbox 1655 3923 1685 3976; x_wconf 88' lang='lat' dir='ltr'>in</span> <span class='ocrx_word' id='word_1_363' title='bbox 1698 3941 1801 3994; x_wconf 90' lang='lat' dir='ltr'>paucos</span> <span class='ocrx_word' id='word_1_364' title='bbox 1814 3941 1909 3978; x_wconf 84' lang='lat' dir='ltr'>versus</span> 
     </span>
    </p>

    <p class='ocr_par' dir='ltr' id='par_1_10' title="bbox 160 4011 1910 4518">
     <span class='ocr_line' id='line_1_34' title="bbox 160 4011 1910 4084; baseline 0.001 -20"><span class='ocrx_word' id='word_1_365' title='bbox 160 4061 161 4064; x_wconf 76' lang='grc'>,</span> <span class='ocrx_word' id='word_1_366' title='bbox 255 4011 370 4066; x_wconf 86' lang='lat' dir='ltr'>omissos</span> <span class='ocrx_word' id='word_1_367' title='bbox 393 4013 422 4066; x_wconf 93' lang='lat' dir='ltr'>in</span> <span class='ocrx_word' id='word_1_368' title='bbox 448 4014 465 4066; x_wconf 92' lang='lat' dir='ltr'>l.</span> <span class='ocrx_word' id='word_1_369' title='bbox 480 4013 518 4066; x_wconf 90' lang='lat' dir='ltr'>VI</span> <span class='ocrx_word' id='word_1_370' title='bbox 536 4016 660 4070; x_wconf 85' lang='lat' dir='ltr'>extremo</span> <span class='ocrx_word' id='word_1_371' title='bbox 679 4016 784 4084; x_wconf 78' lang='lat' dir='ltr'>p.125‚</span> <span class='ocrx_word' id='word_1_372' title='bbox 804 4017 913 4070; x_wconf 80' lang='lat'>15-17</span> <span class='ocrx_word' id='word_1_373' title='bbox 934 4019 963 4069; x_wconf 89' lang='lat' dir='ltr'>et</span> <span class='ocrx_word' id='word_1_374' title='bbox 981 4015 1011 4070; x_wconf 89' lang='lat' dir='ltr'>in</span> <span class='ocrx_word' id='word_1_375' title='bbox 1029 4016 1099 4070; x_wconf 84' lang='lat' dir='ltr'>llll</span> <span class='ocrx_word' id='word_1_376' title='bbox 1119 4017 1273 4070; x_wconf 86' lang='lat' dir='ltr'>extremum</span> <span class='ocrx_word' id='word_1_377' title='bbox 1292 4013 1358 4067; x_wconf 90' lang='lat' dir='ltr'>inde</span> <span class='ocrx_word' id='word_1_378' title='bbox 1376 4031 1393 4067; x_wconf 87' lang='lat' dir='ltr'>a</span> <span class='ocrx_word' id='word_1_379' title='bbox 1411 4033 1438 4083; x_wconf 89' lang='lat' dir='ltr'>p.</span> <span class='ocrx_word' id='word_1_380' title='bbox 1453 4013 1515 4076; x_wconf 82' lang='lat'>155,</span> <span class='ocrx_word' id='word_1_381' title='bbox 1532 4013 1572 4080; x_wconf 76' lang='lat'>7),</span> <span class='ocrx_word' id='word_1_382' title='bbox 1596 4012 1638 4065; x_wconf 89' lang='lat' dir='ltr'>ita</span> <span class='ocrx_word' id='word_1_383' title='bbox 1659 4011 1768 4080; x_wconf 91' lang='lat' dir='ltr'>reliqua</span> <span class='ocrx_word' id='word_1_384' title='bbox 1790 4013 1910 4082; x_wconf 88' lang='lat' dir='ltr'>apparet</span> 
     </span>
     <span class='ocr_line' id='line_1_35' title="bbox 254 4097 1909 4169; baseline 0 -19"><span class='ocrx_word' id='word_1_385' title='bbox 254 4097 367 4152; x_wconf 83' lang='lat' dir='ltr'>sublata</span> <span class='ocrx_word' id='word_1_386' title='bbox 379 4115 437 4154; x_wconf 88' lang='lat' dir='ltr'>esse</span> <span class='ocrx_word' id='word_1_387' title='bbox 450 4100 543 4155; x_wconf 90' lang='lat' dir='ltr'>studio</span> <span class='ocrx_word' id='word_1_388' title='bbox 556 4099 763 4166; x_wconf 86' lang='lat' dir='ltr'>Germanorum,</span> <span class='ocrx_word' id='word_1_389' title='bbox 776 4101 825 4169; x_wconf 91' lang='lat' dir='ltr'>qui</span> <span class='ocrx_word' id='word_1_390' title='bbox 836 4101 1024 4156; x_wconf 86' lang='lat' dir='ltr'>Romanorum</span> <span class='ocrx_word' id='word_1_391' title='bbox 1037 4101 1209 4155; x_wconf 86' lang='lat' dir='ltr'>devictorum</span> <span class='ocrx_word' id='word_1_392' title='bbox 1220 4101 1347 4169; x_wconf 87' lang='lat' dir='ltr'>querelas</span> <span class='ocrx_word' id='word_1_393' title='bbox 1359 4117 1416 4154; x_wconf 91' lang='lat' dir='ltr'>non</span> <span class='ocrx_word' id='word_1_394' title='bbox 1425 4098 1580 4154; x_wconf 87' lang='lat' dir='ltr'>tolerarint.</span> <span class='ocrx_word' id='word_1_395' title='bbox 1604 4100 1670 4152; x_wconf 91' lang='lat' dir='ltr'>sunt</span> <span class='ocrx_word' id='word_1_396' title='bbox 1681 4098 1776 4152; x_wconf 89' lang='lat' dir='ltr'>autem</span> <span class='ocrx_word' id='word_1_397' title='bbox 1788 4098 1909 4167; x_wconf 89' lang='lat' dir='ltr'>primum</span> 
     </span>
     <span class='ocr_line' id='line_1_36' title="bbox 255 4183 1910 4257; baseline -0.001 -20"><span class='ocrx_word' id='word_1_398' title='bbox 255 4183 350 4254; x_wconf 87' lang='lat' dir='ltr'>capita</span> <span class='ocrx_word' id='word_1_399' title='bbox 373 4185 429 4239; x_wconf 92' lang='lat' dir='ltr'>duo</span> <span class='ocrx_word' id='word_1_400' title='bbox 452 4202 494 4256; x_wconf 92' lang='lat' dir='ltr'>ep.</span> <span class='ocrx_word' id='word_1_401' title='bbox 514 4187 566 4251; x_wconf 84' lang='grc' dir='ltr'>ΙΙΙ,</span> <span class='ocrx_word' id='word_1_402' title='bbox 585 4189 602 4242; x_wconf 92' lang='lat'>3</span> <span class='ocrx_word' id='word_1_403' title='bbox 620 4188 658 4257; x_wconf 91' lang='lat' dir='ltr'>(p.</span> <span class='ocrx_word' id='word_1_404' title='bbox 671 4188 714 4251; x_wconf 80' lang='lat'>42,</span> <span class='ocrx_word' id='word_1_405' title='bbox 734 4187 860 4254; x_wconf 78' lang='lat'><strong>14-28)‚</strong></span> <span class='ocrx_word' id='word_1_406' title='bbox 882 4187 913 4240; x_wconf 93' lang='lat' dir='ltr'>in</span> <span class='ocrx_word' id='word_1_407' title='bbox 935 4189 1036 4257; x_wconf 88' lang='lat' dir='ltr'>quibus</span> <span class='ocrx_word' id='word_1_408' title='bbox 1055 4191 1221 4242; x_wconf 88' lang='lat' dir='ltr'>enarrantur</span> <span class='ocrx_word' id='word_1_409' title='bbox 1238 4187 1346 4242; x_wconf 83' lang='lat' dir='ltr'>Ecdicii</span> <span class='ocrx_word' id='word_1_410' title='bbox 1370 4186 1404 4240; x_wconf 90' lang='lat' dir='ltr'>de</span> <span class='ocrx_word' id='word_1_411' title='bbox 1422 4186 1522 4242; x_wconf 85' lang='lat' dir='ltr'>Gothis</span> <span class='ocrx_word' id='word_1_412' title='bbox 1546 4184 1681 4238; x_wconf 81' lang='lat' dir='ltr'>victoriae</span> <span class='ocrx_word' id='word_1_413' title='bbox 1703 4184 1857 4253; x_wconf 88' lang='lat' dir='ltr'>horumque</span> <span class='ocrx_word' id='word_1_414' title='bbox 1879 4184 1910 4237; x_wconf 93' lang='lat' dir='ltr'>in</span> 
     </span>
     <span class='ocr_line' id='line_1_37' title="bbox 255 4269 1909 4343; baseline -0.001 -19"><span class='ocrx_word' id='word_1_415' title='bbox 255 4270 392 4325; x_wconf 86' lang='lat' dir='ltr'>cadavera</span> <span class='ocrx_word' id='word_1_416' title='bbox 413 4273 525 4326; x_wconf 88' lang='lat' dir='ltr'>&#39;suorum</span> <span class='ocrx_word' id='word_1_417' title='bbox 548 4273 608 4326; x_wconf 84' lang='lat' dir='ltr'>fera</span> <span class='ocrx_word' id='word_1_418' title='bbox 630 4274 746 4337; x_wconf 83' lang='lat' dir='ltr'>scelera;</span> <span class='ocrx_word' id='word_1_419' title='bbox 774 4273 875 4327; x_wconf 89' lang='lat' dir='ltr'>deiude</span> <span class='ocrx_word' id='word_1_420' title='bbox 900 4277 939 4343; x_wconf 93' lang='lat' dir='ltr'>(p.</span> <span class='ocrx_word' id='word_1_421' title='bbox 957 4275 1190 4342; x_wconf 75' lang='lat'>101‚17-108,2)</span> <span class='ocrx_word' id='word_1_422' title='bbox 1214 4291 1255 4343; x_wconf 90' lang='lat' dir='ltr'>ep.</span> <span class='ocrx_word' id='word_1_423' title='bbox 1268 4273 1315 4336; x_wconf 89' lang='lat' dir='ltr'>VI,</span> <span class='ocrx_word' id='word_1_424' title='bbox 1327 4273 1360 4326; x_wconf 87' lang='lat'>12</span> <span class='ocrx_word' id='word_1_425' title='bbox 1390 4272 1485 4326; x_wconf 86' lang='lat' dir='ltr'>vivida</span> <span class='ocrx_word' id='word_1_426' title='bbox 1508 4271 1658 4341; x_wconf 87' lang='lat' dir='ltr'>descriptio</span> <span class='ocrx_word' id='word_1_427' title='bbox 1682 4269 1909 4340; x_wconf 88' lang='lat' dir='ltr'>depopulationis</span> 
     </span>
     <span class='ocr_line' id='line_1_38' title="bbox 254 4353 1908 4429; baseline -0.002 -17"><span class='ocrx_word' id='word_1_428' title='bbox 254 4353 390 4412; x_wconf 86' lang='lat' dir='ltr'>Gothicae</span> <span class='ocrx_word' id='word_1_429' title='bbox 410 4363 438 4413; x_wconf 92' lang='lat' dir='ltr'>et</span> <span class='ocrx_word' id='word_1_430' title='bbox 456 4377 498 4429; x_wconf 86' lang='lat' dir='ltr'>ep.</span> <span class='ocrx_word' id='word_1_431' title='bbox 512 4360 597 4424; x_wconf 81' lang='lat' dir='ltr'>VILI</span> <span class='ocrx_word' id='word_1_432' title='bbox 617 4360 770 4415; x_wconf 86' lang='lat' dir='ltr'>obsidionis</span> <span class='ocrx_word' id='word_1_433' title='bbox 789 4359 914 4414; x_wconf 84' lang='lat' dir='ltr'>civitatis</span> <span class='ocrx_word' id='word_1_434' title='bbox 932 4363 1085 4424; x_wconf 87' lang='lat' dir='ltr'>Arvernae;</span> <span class='ocrx_word' id='word_1_435' title='bbox 1104 4360 1173 4414; x_wconf 90' lang='lat' dir='ltr'>item</span> <span class='ocrx_word' id='word_1_436' title='bbox 1191 4376 1263 4429; x_wconf 89' lang='lat' dir='ltr'>quae</span> <span class='ocrx_word' id='word_1_437' title='bbox 1282 4358 1414 4413; x_wconf 85' lang='lat' dir='ltr'>Sidonius</span> <span class='ocrx_word' id='word_1_438' title='bbox 1432 4358 1558 4412; x_wconf 83' lang='lat' dir='ltr'>narrarit</span> <span class='ocrx_word' id='word_1_439' title='bbox 1576 4374 1619 4426; x_wconf 90' lang='lat' dir='ltr'>cp.</span> <span class='ocrx_word' id='word_1_440' title='bbox 1632 4357 1719 4420; x_wconf 82' lang='lat' dir='ltr'>V11,6</span> <span class='ocrx_word' id='word_1_441' title='bbox 1737 4357 1772 4410; x_wconf 90' lang='lat' dir='ltr'>de</span> <span class='ocrx_word' id='word_1_442' title='bbox 1784 4356 1908 4410; x_wconf 85' lang='lat' dir='ltr'>Euaricis</span> 
     </span>
     <span class='ocr_line' id='line_1_39' title="bbox 254 4443 1908 4518; baseline 0.001 -22"><span class='ocrx_word' id='word_1_443' title='bbox 254 4443 329 4513; x_wconf 85' lang='lat' dir='ltr'>regis</span> <span class='ocrx_word' id='word_1_444' title='bbox 341 4444 497 4500; x_wconf 86' lang='lat' dir='ltr'>Gothorum</span> <span class='ocrx_word' id='word_1_445' title='bbox 515 4447 608 4502; x_wconf 91' lang='lat' dir='ltr'>studio</span> <span class='ocrx_word' id='word_1_446' title='bbox 622 4447 766 4501; x_wconf 88' lang='lat' dir='ltr'>haereseos</span> <span class='ocrx_word' id='word_1_447' title='bbox 778 4447 898 4502; x_wconf 88' lang='lat' dir='ltr'>Arianae</span> <span class='ocrx_word' id='word_1_448' title='bbox 918 4450 947 4501; x_wconf 94' lang='lat' dir='ltr'>et</span> <span class='ocrx_word' id='word_1_449' title='bbox 959 4447 1160 4518; x_wconf 85' lang='lat' dir='ltr'>persecutionis</span> <span class='ocrx_word' id='word_1_450' title='bbox 1173 4448 1362 4501; x_wconf 87' lang='lat' dir='ltr'>Romanorum</span> <span class='ocrx_word' id='word_1_451' title='bbox 1375 4446 1576 4500; x_wconf 88' lang='lat' dir='ltr'>catholicorum</span> <span class='ocrx_word' id='word_1_452' title='bbox 1594 4447 1623 4497; x_wconf 94' lang='lat' dir='ltr'>et</span> <span class='ocrx_word' id='word_1_453' title='bbox 1634 4443 1664 4496; x_wconf 94' lang='lat' dir='ltr'>in</span> <span class='ocrx_word' id='word_1_454' title='bbox 1677 4443 1804 4512; x_wconf 89' lang='lat' dir='ltr'>sequenti</span> <span class='ocrx_word' id='word_1_455' title='bbox 1817 4444 1908 4498; x_wconf 91' lang='lat' dir='ltr'>denuo</span> 
     </span>
    </p>

    <p class='ocr_par' dir='ltr' id='par_1_11' title="bbox 255 4529 1910 5123">
     <span class='ocr_line' id='line_1_40' title="bbox 255 4529 1909 4605; baseline 0.001 -23"><span class='ocrx_word' id='word_1_456' title='bbox 255 4529 290 4583; x_wconf 90' lang='lat' dir='ltr'>de</span> <span class='ocrx_word' id='word_1_457' title='bbox 308 4531 453 4587; x_wconf 86' lang='lat' dir='ltr'>obsidione</span> <span class='ocrx_word' id='word_1_458' title='bbox 466 4533 586 4588; x_wconf 83' lang='lat' dir='ltr'>Gothica</span> <span class='ocrx_word' id='word_1_459' title='bbox 598 4535 793 4599; x_wconf 85' lang='lat' dir='ltr'>Arvernorum,</span> <span class='ocrx_word' id='word_1_460' title='bbox 812 4534 861 4603; x_wconf 91' lang='lat' dir='ltr'>qui</span> <span class='ocrx_word' id='word_1_461' title='bbox 873 4536 1022 4605; x_wconf 85' lang='lat' dir='ltr'>quondam,</span> <span class='ocrx_word' id='word_1_462' title='bbox 1042 4538 1074 4589; x_wconf 91' lang='lat' dir='ltr'>ut</span> <span class='ocrx_word' id='word_1_463' title='bbox 1092 4535 1134 4588; x_wconf 89' lang='lat' dir='ltr'>ait</span> <span class='ocrx_word' id='word_1_464' title='bbox 1150 4537 1248 4588; x_wconf 89' lang='lat' dir='ltr'>auctor</span> <span class='ocrx_word' id='word_1_465' title='bbox 1260 4534 1410 4596; x_wconf 86' lang='lat' dir='ltr'>Romanus,</span> <span class='ocrx_word' id='word_1_466' title='bbox 1429 4531 1529 4587; x_wconf 77' lang='lat' dir='ltr'>Gothis</span> <span class='ocrx_word' id='word_1_467' title='bbox 1542 4530 1640 4585; x_wconf 86' lang='lat' dir='ltr'>terrori</span> <span class='ocrx_word' id='word_1_468' title='bbox 1652 4531 1769 4594; x_wconf 84' lang='lat' dir='ltr'>fuerint;</span> <span class='ocrx_word' id='word_1_469' title='bbox 1787 4530 1909 4600; x_wconf 90' lang='lat' dir='ltr'>denique</span> 
     </span>
     <span class='ocr_line' id='line_1_41' title="bbox 256 4616 1909 4691; baseline 0.001 -22"><span class='ocrx_word' id='word_1_470' title='bbox 256 4616 409 4685; x_wconf 81' lang='lat' dir='ltr'>ep.VlH‚2</span> <span class='ocrx_word' id='word_1_471' title='bbox 427 4619 461 4673; x_wconf 90' lang='lat' dir='ltr'>de</span> <span class='ocrx_word' id='word_1_472' title='bbox 486 4620 604 4690; x_wconf 89' lang='lat' dir='ltr'>sepultis</span> <span class='ocrx_word' id='word_1_473' title='bbox 621 4621 725 4674; x_wconf 89' lang='lat' dir='ltr'>litteris</span> <span class='ocrx_word' id='word_1_474' title='bbox 746 4621 776 4674; x_wconf 89' lang='lat' dir='ltr'>in</span> <span class='ocrx_word' id='word_1_475' title='bbox 795 4622 888 4676; x_wconf 88' lang='lat' dir='ltr'>Gallia</span> <span class='ocrx_word' id='word_1_476' title='bbox 913 4625 977 4691; x_wconf 91' lang='lat' dir='ltr'>post</span> <span class='ocrx_word' id='word_1_477' title='bbox 994 4622 1167 4676; x_wconf 82' lang='lat' dir='ltr'>invasionem</span> <span class='ocrx_word' id='word_1_478' title='bbox 1191 4621 1381 4676; x_wconf 88' lang='lat' dir='ltr'>barbarorum.</span> <span class='ocrx_word' id='word_1_479' title='bbox 1417 4636 1450 4673; x_wconf 82' lang='lat' dir='ltr'>ex</span> <span class='ocrx_word' id='word_1_480' title='bbox 1474 4619 1517 4672; x_wconf 91' lang='lat' dir='ltr'>his</span> <span class='ocrx_word' id='word_1_481' title='bbox 1535 4620 1671 4687; x_wconf 89' lang='lat' dir='ltr'>quattuor</span> <span class='ocrx_word' id='word_1_482' title='bbox 1692 4617 1761 4672; x_wconf 89' lang='lat' dir='ltr'>loeis</span> <span class='ocrx_word' id='word_1_483' title='bbox 1785 4621 1841 4671; x_wconf 87' lang='lat' dir='ltr'>tres</span> <span class='ocrx_word' id='word_1_484' title='bbox 1863 4634 1909 4671; x_wconf 86' lang='lat' dir='ltr'>ex·</span> 
     </span>
     <span class='ocr_line' id='line_1_42' title="bbox 255 4703 1909 4777; baseline -0.001 -20"><span class='ocrx_word' id='word_1_485' title='bbox 255 4704 354 4772; x_wconf 90' lang='lat' dir='ltr'>puncti</span> <span class='ocrx_word' id='word_1_486' title='bbox 373 4708 440 4758; x_wconf 90' lang='lat' dir='ltr'>sunt</span> <span class='ocrx_word' id='word_1_487' title='bbox 457 4706 512 4772; x_wconf 90' lang='lat' dir='ltr'>ita,</span> <span class='ocrx_word' id='word_1_488' title='bbox 532 4711 564 4761; x_wconf 91' lang='lat' dir='ltr'>ut</span> <span class='ocrx_word' id='word_1_489' title='bbox 582 4707 777 4762; x_wconf 87' lang='lat' dir='ltr'>commissurae</span> <span class='ocrx_word' id='word_1_490' title='bbox 794 4723 852 4762; x_wconf 92' lang='lat' dir='ltr'>non</span> <span class='ocrx_word' id='word_1_491' title='bbox 869 4708 1060 4775; x_wconf 83' lang='lat' dir='ltr'>laederentur;</span> <span class='ocrx_word' id='word_1_492' title='bbox 1083 4711 1184 4776; x_wconf 88' lang='lat' dir='ltr'>quarto</span> <span class='ocrx_word' id='word_1_493' title='bbox 1203 4724 1247 4777; x_wconf 91' lang='lat' dir='ltr'>ep.</span> <span class='ocrx_word' id='word_1_494' title='bbox 1260 4707 1358 4771; x_wconf 77' lang='lat' dir='ltr'>VI‚12.</span> <span class='ocrx_word' id='word_1_495' title='bbox 1377 4706 1464 4771; x_wconf 88' lang='lat' dir='ltr'>VII,1</span> <span class='ocrx_word' id='word_1_496' title='bbox 1483 4705 1524 4758; x_wconf 87' lang='lat' dir='ltr'>ita</span> <span class='ocrx_word' id='word_1_497' title='bbox 1542 4704 1671 4758; x_wconf 88' lang='lat' dir='ltr'>sublatae</span> <span class='ocrx_word' id='word_1_498' title='bbox 1690 4706 1764 4767; x_wconf 86' lang='lat' dir='ltr'>sunt,</span> <span class='ocrx_word' id='word_1_499' title='bbox 1783 4706 1815 4757; x_wconf 91' lang='lat' dir='ltr'>ut</span> <span class='ocrx_word' id='word_1_500' title='bbox 1832 4703 1909 4757; x_wconf 91' lang='lat' dir='ltr'>illius</span> 
     </span>
     <span class='ocr_line' id='line_1_43' title="bbox 255 4788 1908 4864; baseline 0.001 -21"><span class='ocrx_word' id='word_1_501' title='bbox 255 4790 425 4861; x_wconf 90' lang='lat' dir='ltr'>principium</span> <span class='ocrx_word' id='word_1_502' title='bbox 444 4797 610 4858; x_wconf 86' lang='lat' dir='ltr'>remaneret,</span> <span class='ocrx_word' id='word_1_503' title='bbox 635 4811 697 4847; x_wconf 91' lang='lat' dir='ltr'>cum</span> <span class='ocrx_word' id='word_1_504' title='bbox 719 4794 771 4848; x_wconf 88' lang='lat' dir='ltr'>hac</span> <span class='ocrx_word' id='word_1_505' title='bbox 790 4794 976 4848; x_wconf 88' lang='lat' dir='ltr'>evellerentur</span> <span class='ocrx_word' id='word_1_506' title='bbox 994 4794 1210 4864; x_wconf 79' lang='lat' dir='ltr'>ep,vl1,2.3.4</span> <span class='ocrx_word' id='word_1_507' title='bbox 1228 4797 1257 4847; x_wconf 90' lang='lat' dir='ltr'>et</span> <span class='ocrx_word' id='word_1_508' title='bbox 1275 4794 1392 4862; x_wconf 89' lang='lat' dir='ltr'>quintae</span> <span class='ocrx_word' id='word_1_509' title='bbox 1416 4791 1585 4862; x_wconf 88' lang='lat' dir='ltr'>principium</span> <span class='ocrx_word' id='word_1_510' title='bbox 1605 4807 1655 4859; x_wconf 90' lang='lat' dir='ltr'>per</span> <span class='ocrx_word' id='word_1_511' title='bbox 1671 4806 1700 4842; x_wconf 82' lang='lat' dir='ltr'>se</span> <span class='ocrx_word' id='word_1_512' title='bbox 1718 4789 1778 4844; x_wconf 85' lang='lat' dir='ltr'>sine</span> <span class='ocrx_word' id='word_1_513' title='bbox 1795 4788 1908 4844; x_wconf 84' lang='lat' dir='ltr'>offensa.</span> 
     </span>
     <span class='ocr_line' id='line_1_44' title="bbox 255 4875 1910 4949; baseline -0.001 -18"><span class='ocrx_word' id='word_1_514' title='bbox 255 4881 375 4948; x_wconf 88' lang='lat' dir='ltr'>apparet</span> <span class='ocrx_word' id='word_1_515' title='bbox 398 4882 492 4932; x_wconf 88' lang='lat' dir='ltr'>antem</span> <span class='ocrx_word' id='word_1_516' title='bbox 517 4880 627 4934; x_wconf 88' lang='lat' dir='ltr'>hiatum</span> <span class='ocrx_word' id='word_1_517' title='bbox 651 4897 714 4934; x_wconf 91' lang='lat' dir='ltr'>eum</span> <span class='ocrx_word' id='word_1_518' title='bbox 739 4880 867 4935; x_wconf 87' lang='lat' dir='ltr'>effectum</span> <span class='ocrx_word' id='word_1_519' title='bbox 892 4898 950 4935; x_wconf 88' lang='lat' dir='ltr'>esse</span> <span class='ocrx_word' id='word_1_520' title='bbox 973 4881 1071 4934; x_wconf 90' lang='lat' dir='ltr'>avulso</span> <span class='ocrx_word' id='word_1_521' title='bbox 1095 4879 1280 4949; x_wconf 88' lang='lat' dir='ltr'>quaternione</span> <span class='ocrx_word' id='word_1_522' title='bbox 1303 4879 1414 4949; x_wconf 91' lang='lat' dir='ltr'>integro</span> <span class='ocrx_word' id='word_1_523' title='bbox 1437 4877 1583 4946; x_wconf 88' lang='lat' dir='ltr'>archetypi</span> <span class='ocrx_word' id='word_1_524' title='bbox 1610 4876 1669 4930; x_wconf 90' lang='lat' dir='ltr'>eius</span> <span class='ocrx_word' id='word_1_525' title='bbox 1691 4893 1782 4945; x_wconf 89' lang='lat' dir='ltr'>aquo</span> <span class='ocrx_word' id='word_1_526' title='bbox 1805 4875 1910 4944; x_wconf 88' lang='lat' dir='ltr'>pendet</span> 
     </span>
     <span class='ocr_line' id='line_1_45' title="bbox 257 4961 1909 5036; baseline -0.001 -19"><span class='ocrx_word' id='word_1_527' title='bbox 257 4963 425 5019; x_wconf 84' lang='lat' dir='ltr'>Laudianus.</span> <span class='ocrx_word' id='word_1_528' title='bbox 464 4965 572 5020; x_wconf 91' lang='lat' dir='ltr'>scilicet</span> <span class='ocrx_word' id='word_1_529' title='bbox 589 4967 664 5035; x_wconf 92' lang='lat' dir='ltr'>quod</span> <span class='ocrx_word' id='word_1_530' title='bbox 682 4967 712 5020; x_wconf 93' lang='lat' dir='ltr'>in</span> <span class='ocrx_word' id='word_1_531' title='bbox 728 4966 825 5021; x_wconf 89' lang='lat' dir='ltr'>eodem</span> <span class='ocrx_word' id='word_1_532' title='bbox 843 4968 996 5036; x_wconf 80' lang='lat' dir='ltr'>archetypo</span> <span class='ocrx_word' id='word_1_533' title='bbox 1012 4984 1072 5021; x_wconf 88' lang='lat' dir='ltr'>sese</span> <span class='ocrx_word' id='word_1_534' title='bbox 1089 4966 1269 5035; x_wconf 89' lang='lat' dir='ltr'>excipiebant</span> <span class='ocrx_word' id='word_1_535' title='bbox 1281 4984 1308 5035; x_wconf 91' lang='lat' dir='ltr'>p.</span> <span class='ocrx_word' id='word_1_536' title='bbox 1321 4969 1364 5028; x_wconf 85' lang='lat'>30,</span> <span class='ocrx_word' id='word_1_537' title='bbox 1375 4965 1485 5030; x_wconf 85' lang='lat'>13-31,</span> <span class='ocrx_word' id='word_1_538' title='bbox 1498 4965 1530 5017; x_wconf 89' lang='grc'>18</span> <span class='ocrx_word' id='word_1_539' title='bbox 1541 4987 1573 5008; x_wconf 94' lang='lat'>=</span> <span class='ocrx_word' id='word_1_540' title='bbox 1584 4981 1627 5017; x_wconf 82' lang='lat' dir='ltr'>vv.</span> <span class='ocrx_word' id='word_1_541' title='bbox 1638 4964 1684 5024; x_wconf 75' lang='lat'>23;</span> <span class='ocrx_word' id='word_1_542' title='bbox 1708 4980 1735 5030; x_wconf 89' lang='lat' dir='ltr'>p.</span> <span class='ocrx_word' id='word_1_543' title='bbox 1745 4961 1787 5026; x_wconf 75' lang='lat'>27,</span> <span class='ocrx_word' id='word_1_544' title='bbox 1799 4962 1909 5026; x_wconf 85' lang='lat'>13-30,</span> 
     </span>
     <span class='ocr_line' id='line_1_46' title="bbox 257 5047 1910 5123; baseline -0.004 -16"><span class='ocrx_word' id='word_1_545' title='bbox 257 5049 445 5116; x_wconf 76' lang='lat' dir='ltr'>13=vv.87;</span> <span class='ocrx_word' id='word_1_546' title='bbox 473 5071 500 5122; x_wconf 98' lang='lat' dir='ltr'>p.</span> <span class='ocrx_word' id='word_1_547' title='bbox 513 5053 828 5118; x_wconf 79' lang='lat' dir='ltr'>32‚14-35,18=vv.</span> <span class='ocrx_word' id='word_1_548' title='bbox 839 5055 886 5118; x_wconf 82' lang='grc'>95;</span> <span class='ocrx_word' id='word_1_549' title='bbox 917 5053 1332 5123; x_wconf 82' lang='lat' dir='ltr'>p.31‚18-32‚14=vv.24‚</span> <span class='ocrx_word' id='word_1_550' title='bbox 1361 5052 1426 5106; x_wconf 91' lang='lat' dir='ltr'>inde</span> <span class='ocrx_word' id='word_1_551' title='bbox 1445 5050 1564 5105; x_wconf 86' lang='lat' dir='ltr'>efficitur</span> <span class='ocrx_word' id='word_1_552' title='bbox 1580 5048 1742 5118; x_wconf 90' lang='lat' dir='ltr'>quinionem</span> <span class='ocrx_word' id='word_1_553' title='bbox 1756 5047 1802 5122; x_wconf 21' lang='lat' dir='ltr'>,ibi</span> <span class='ocrx_word' id='word_1_554' title='bbox 1819 5063 1910 5102; x_wconf 89' lang='lat' dir='ltr'>errore</span> 
     </span>
    </p>

    <p class='ocr_par' dir='ltr' id='par_1_12' title="bbox 181 5126 1910 5383">
     <span class='ocr_line' id='line_1_47' title="bbox 181 5126 1910 5210; baseline -0.001 -21"><span class='ocrx_word' id='word_1_555' title='bbox 181 5126 185 5136; x_wconf 80' lang='grc'><em>’</em></span> <span class='ocrx_word' id='word_1_556' title='bbox 254 5136 297 5190; x_wconf 86' lang='lat' dir='ltr'>ita</span> <span class='ocrx_word' id='word_1_557' title='bbox 315 5137 513 5207; x_wconf 87' lang='lat' dir='ltr'>complicatum</span> <span class='ocrx_word' id='word_1_558' title='bbox 532 5139 625 5206; x_wconf 86' lang='lat' dir='ltr'>fuisse,</span> <span class='ocrx_word' id='word_1_559' title='bbox 644 5144 677 5194; x_wconf 91' lang='lat' dir='ltr'>ut</span> <span class='ocrx_word' id='word_1_560' title='bbox 694 5140 762 5194; x_wconf 88' lang='lat' dir='ltr'>folia</span> <span class='ocrx_word' id='word_1_561' title='bbox 780 5140 820 5194; x_wconf 92' lang='lat' dir='ltr'>sio</span> <span class='ocrx_word' id='word_1_562' title='bbox 838 5158 867 5195; x_wconf 91' lang='lat' dir='ltr'>se</span> <span class='ocrx_word' id='word_1_563' title='bbox 886 5141 1058 5210; x_wconf 82' lang='lat' dir='ltr'>exciperent:</span> <span class='ocrx_word' id='word_1_564' title='bbox 1084 5157 1131 5194; x_wconf 86' lang='lat' dir='ltr'>co</span> <span class='ocrx_word' id='word_1_565' title='bbox 1149 5141 1164 5193; x_wconf 92' lang='lat' dir='ltr'>b</span> <span class='ocrx_word' id='word_1_566' title='bbox 1181 5156 1195 5193; x_wconf 93' lang='lat' dir='ltr'>c</span> <span class='ocrx_word' id='word_1_567' title='bbox 1212 5139 1280 5208; x_wconf 77' lang='lat' dir='ltr'>d—p</span> <span class='ocrx_word' id='word_1_568' title='bbox 1297 5139 1315 5192; x_wconf 86' lang='lat' dir='ltr'>b</span> <span class='ocrx_word' id='word_1_569' title='bbox 1332 5140 1343 5192; x_wconf 81' lang='lat' dir='ltr'>t</span> <span class='ocrx_word' id='word_1_570' title='bbox 1360 5139 1414 5207; x_wconf 77' lang='lat' dir='ltr'>les,</span> <span class='ocrx_word' id='word_1_571' title='bbox 1433 5138 1463 5191; x_wconf 90' lang='lat' dir='ltr'>in</span> <span class='ocrx_word' id='word_1_572' title='bbox 1481 5137 1601 5207; x_wconf 88' lang='lat' dir='ltr'>singulis</span> <span class='ocrx_word' id='word_1_573' title='bbox 1619 5138 1714 5190; x_wconf 83' lang='lat' dir='ltr'>autem</span> <span class='ocrx_word' id='word_1_574' title='bbox 1732 5134 1807 5188; x_wconf 88' lang='lat' dir='ltr'>foliis</span> <span class='ocrx_word' id='word_1_575' title='bbox 1825 5133 1910 5188; x_wconf 78' lang='lat' dir='ltr'>finisse</span> 
     </span>
     <span class='ocr_line' id='line_1_48' title="bbox 255 5221 1909 5286; baseline -0.002 -9"><span class='ocrx_word' id='word_1_576' title='bbox 255 5240 351 5278; x_wconf 82' lang='lat' dir='ltr'>versus</span> <span class='ocrx_word' id='word_1_577' title='bbox 369 5224 452 5279; x_wconf 92' lang='lat' dir='ltr'>huius</span> <span class='ocrx_word' id='word_1_578' title='bbox 470 5225 602 5280; x_wconf 88' lang='lat' dir='ltr'>editionis</span> <span class='ocrx_word' id='word_1_579' title='bbox 621 5226 731 5281; x_wconf 88' lang='lat' dir='ltr'>circiter</span> <span class='ocrx_word' id='word_1_580' title='bbox 749 5225 860 5282; x_wconf 87' lang='lat' dir='ltr'>vicenos</span> <span class='ocrx_word' id='word_1_581' title='bbox 879 5230 982 5282; x_wconf 87' lang='lat' dir='ltr'>ternos.</span> <span class='ocrx_word' id='word_1_582' title='bbox 1019 5227 1114 5281; x_wconf 89' lang='lat' dir='ltr'>hiatus</span> <span class='ocrx_word' id='word_1_583' title='bbox 1132 5228 1227 5280; x_wconf 90' lang='lat' dir='ltr'>autem</span> <span class='ocrx_word' id='word_1_584' title='bbox 1245 5226 1294 5280; x_wconf 89' lang='lat' dir='ltr'>ille</span> <span class='ocrx_word' id='word_1_585' title='bbox 1314 5244 1376 5280; x_wconf 92' lang='lat' dir='ltr'>cum</span> <span class='ocrx_word' id='word_1_586' title='bbox 1395 5223 1521 5278; x_wconf 89' lang='lat' dir='ltr'>hauserit</span> <span class='ocrx_word' id='word_1_587' title='bbox 1538 5239 1633 5276; x_wconf 82' lang='lat' dir='ltr'>versus</span> <span class='ocrx_word' id='word_1_588' title='bbox 1653 5222 1711 5286; x_wconf 83' lang='lat'>183,</span> <span class='ocrx_word' id='word_1_589' title='bbox 1729 5221 1750 5274; x_wconf 92' lang='lat' dir='ltr'>ii</span> <span class='ocrx_word' id='word_1_590' title='bbox 1768 5221 1799 5274; x_wconf 91' lang='lat' dir='ltr'>in</span> <span class='ocrx_word' id='word_1_591' title='bbox 1815 5222 1909 5275; x_wconf 89' lang='lat' dir='ltr'>arche·</span> 
     </span>
     <span class='ocr_line' id='line_1_49' title="bbox 255 5307 1909 5383; baseline -0.001 -21"><span class='ocrx_word' id='word_1_592' title='bbox 255 5311 324 5378; x_wconf 85' lang='lat' dir='ltr'>typo</span> <span class='ocrx_word' id='word_1_593' title='bbox 343 5309 411 5363; x_wconf 87' lang='lat' dir='ltr'>folia</span> <span class='ocrx_word' id='word_1_594' title='bbox 430 5315 493 5366; x_wconf 90' lang='lat' dir='ltr'>octo</span> <span class='ocrx_word' id='word_1_595' title='bbox 505 5312 701 5381; x_wconf 88' lang='lat' dir='ltr'>impleverunt.</span> <span class='ocrx_word' id='word_1_596' title='bbox 716 5344 748 5352; x_wconf 98' lang='lat'>-</span> <span class='ocrx_word' id='word_1_597' title='bbox 762 5313 835 5368; x_wconf 91' lang='lat' dir='ltr'>Noni</span> <span class='ocrx_word' id='word_1_598' title='bbox 854 5314 920 5368; x_wconf 92' lang='lat' dir='ltr'>libri</span> <span class='ocrx_word' id='word_1_599' title='bbox 934 5313 1055 5383; x_wconf 86' lang='lat' dir='ltr'>epistula</span> <span class='ocrx_word' id='word_1_600' title='bbox 1074 5313 1165 5383; x_wconf 89' lang='lat' dir='ltr'>prima</span> <span class='ocrx_word' id='word_1_601' title='bbox 1183 5314 1237 5366; x_wconf 90' lang='lat' dir='ltr'>nisi</span> <span class='ocrx_word' id='word_1_602' title='bbox 1257 5331 1321 5367; x_wconf 90' lang='lat' dir='ltr'>casu</span> <span class='ocrx_word' id='word_1_603' title='bbox 1341 5313 1434 5382; x_wconf 86' lang='lat' dir='ltr'>periit,</span> <span class='ocrx_word' id='word_1_604' title='bbox 1453 5311 1527 5380; x_wconf 90' lang='lat' dir='ltr'>quod</span> <span class='ocrx_word' id='word_1_605' title='bbox 1546 5309 1593 5364; x_wconf 85' lang='lat' dir='ltr'>vix</span> <span class='ocrx_word' id='word_1_606' title='bbox 1608 5308 1780 5368; x_wconf 84' lang='lat' dir='ltr'>crediderim,</span> <span class='ocrx_word' id='word_1_607' title='bbox 1799 5307 1909 5362; x_wconf 89' lang='lat' dir='ltr'>sublata</span> 
     </span>
    </p>

    <p class='ocr_par' dir='ltr' id='par_1_13' title="bbox 255 5394 1909 5471">
     <span class='ocr_line' id='line_1_50' title="bbox 255 5394 1909 5471; baseline -0.002 -22"><span class='ocrx_word' id='word_1_608' title='bbox 255 5399 298 5449; x_wconf 91' lang='lat' dir='ltr'>est</span> <span class='ocrx_word' id='word_1_609' title='bbox 315 5400 465 5466; x_wconf 89' lang='lat' dir='ltr'>propterea</span> <span class='ocrx_word' id='word_1_610' title='bbox 483 5399 558 5467; x_wconf 92' lang='lat' dir='ltr'>quod</span> <span class='ocrx_word' id='word_1_611' title='bbox 577 5403 657 5469; x_wconf 89' lang='lat' dir='ltr'>pater</span> <span class='ocrx_word' id='word_1_612' title='bbox 669 5399 799 5454; x_wconf 81' lang='lat' dir='ltr'>Sidonius</span> <span class='ocrx_word' id='word_1_613' title='bbox 818 5401 848 5453; x_wconf 93' lang='lat' dir='ltr'>in</span> <span class='ocrx_word' id='word_1_614' title='bbox 867 5418 899 5454; x_wconf 88' lang='lat' dir='ltr'>ea</span> <span class='ocrx_word' id='word_1_615' title='bbox 917 5401 1098 5470; x_wconf 88' lang='lat' dir='ltr'>reprehendit</span> <span class='ocrx_word' id='word_1_616' title='bbox 1115 5401 1203 5455; x_wconf 87' lang='lat' dir='ltr'>filium</span> <span class='ocrx_word' id='word_1_617' title='bbox 1218 5401 1409 5471; x_wconf 80' lang='lat' dir='ltr'>Apollinarem</span> <span class='ocrx_word' id='word_1_618' title='bbox 1428 5402 1461 5452; x_wconf 92' lang='lat' dir='ltr'>ut</span> <span class='ocrx_word' id='word_1_619' title='bbox 1479 5405 1577 5467; x_wconf 81' lang='lat' dir='ltr'>parum</span> <span class='ocrx_word' id='word_1_620' title='bbox 1590 5396 1747 5449; x_wconf 87' lang='lat' dir='ltr'>litteratum</span> <span class='ocrx_word' id='word_1_621' title='bbox 1760 5394 1909 5459; x_wconf 87' lang='lat' dir='ltr'>hominem,</span> 
     </span>
    </p>

    <p class='ocr_par' dir='ltr' id='par_1_14' title="bbox 255 5480 1910 5641">
     <span class='ocr_line' id='line_1_51' title="bbox 255 5480 1909 5556; baseline -0.001 -21"><span class='ocrx_word' id='word_1_622' title='bbox 255 5482 302 5551; x_wconf 93' lang='lat' dir='ltr'>qui</span> <span class='ocrx_word' id='word_1_623' title='bbox 324 5483 495 5551; x_wconf 82' lang='lat' dir='ltr'>Apollinaris</span> <span class='ocrx_word' id='word_1_624' title='bbox 513 5503 574 5539; x_wconf 91' lang='lat' dir='ltr'>cum</span> <span class='ocrx_word' id='word_1_625' title='bbox 594 5487 669 5556; x_wconf 91' lang='lat' dir='ltr'>apud</span> <span class='ocrx_word' id='word_1_626' title='bbox 688 5486 794 5540; x_wconf 88' lang='lat' dir='ltr'>Gothos</span> <span class='ocrx_word' id='word_1_627' title='bbox 812 5487 842 5541; x_wconf 89' lang='lat' dir='ltr'>in</span> <span class='ocrx_word' id='word_1_628' title='bbox 860 5488 964 5542; x_wconf 91' lang='lat' dir='ltr'>honore</span> <span class='ocrx_word' id='word_1_629' title='bbox 983 5488 1069 5542; x_wconf 83' lang='lat' dir='ltr'>tuerit</span> <span class='ocrx_word' id='word_1_630' title='bbox 1087 5491 1195 5542; x_wconf 88' lang='lat' dir='ltr'>etcum</span> <span class='ocrx_word' id='word_1_631' title='bbox 1214 5488 1249 5541; x_wconf 90' lang='lat' dir='ltr'>iis</span> <span class='ocrx_word' id='word_1_632' title='bbox 1267 5487 1399 5540; x_wconf 87' lang='lat' dir='ltr'>adversus</span> <span class='ocrx_word' id='word_1_633' title='bbox 1415 5485 1536 5538; x_wconf 73' lang='lat' dir='ltr'>Francos</span> <span class='ocrx_word' id='word_1_634' title='bbox 1554 5482 1697 5552; x_wconf 73' lang='lat' dir='ltr'>pugnauit,</span> <span class='ocrx_word' id='word_1_635' title='bbox 1716 5499 1772 5535; x_wconf 91' lang='lat' dir='ltr'>non</span> <span class='ocrx_word' id='word_1_636' title='bbox 1790 5480 1909 5534; x_wconf 87' lang='lat' dir='ltr'>absurde</span> 
     </span>
     <span class='ocr_line' id='line_1_52' title="bbox 255 5567 1910 5641; baseline -0.001 -20"><span class='ocrx_word' id='word_1_637' title='bbox 255 5567 377 5622; x_wconf 89' lang='lat' dir='ltr'>conicias</span> <span class='ocrx_word' id='word_1_638' title='bbox 400 5571 489 5638; x_wconf 89' lang='lat' dir='ltr'>patris</span> <span class='ocrx_word' id='word_1_639' title='bbox 513 5572 648 5640; x_wconf 86' lang='lat' dir='ltr'>epistulas</span> <span class='ocrx_word' id='word_1_640' title='bbox 676 5574 727 5625; x_wconf 87' lang='lat' dir='ltr'>aut</span> <span class='ocrx_word' id='word_1_641' title='bbox 747 5571 809 5641; x_wconf 90' lang='lat' dir='ltr'>ipso</span> <span class='ocrx_word' id='word_1_642' title='bbox 832 5573 947 5628; x_wconf 89' lang='lat' dir='ltr'>iubente</span> <span class='ocrx_word' id='word_1_643' title='bbox 974 5577 1024 5628; x_wconf 88' lang='lat' dir='ltr'>aut</span> <span class='ocrx_word' id='word_1_644' title='bbox 1046 5593 1063 5628; x_wconf 89' lang='lat' dir='ltr'>a</span> <span class='ocrx_word' id='word_1_645' title='bbox 1086 5574 1196 5629; x_wconf 83' lang='lat' dir='ltr'>fautore</span> <span class='ocrx_word' id='word_1_646' title='bbox 1218 5574 1277 5628; x_wconf 88' lang='lat' dir='ltr'>eius</span> <span class='ocrx_word' id='word_1_647' title='bbox 1299 5573 1341 5626; x_wconf 86' lang='lat' dir='ltr'>ita</span> <span class='ocrx_word' id='word_1_648' title='bbox 1363 5571 1509 5626; x_wconf 86' lang='lat' dir='ltr'>mutilatas</span> <span class='ocrx_word' id='word_1_649' title='bbox 1534 5586 1604 5634; x_wconf 86' lang='lat' dir='ltr'>esse,</span> <span class='ocrx_word' id='word_1_650' title='bbox 1637 5572 1669 5623; x_wconf 91' lang='lat' dir='ltr'>ut</span> <span class='ocrx_word' id='word_1_651' title='bbox 1690 5567 1859 5637; x_wconf 87' lang='lat' dir='ltr'>legebantur</span> <span class='ocrx_word' id='word_1_652' title='bbox 1880 5567 1910 5619; x_wconf 93' lang='lat' dir='ltr'>in</span> 
     </span>
    </p>

    <p class='ocr_par' dir='ltr' id='par_1_15' title="bbox 183 5653 1924 5728">
     <span class='ocr_line' id='line_1_53' title="bbox 183 5653 1924 5728; baseline 0.003 -19"><span class='ocrx_word' id='word_1_653' title='bbox 183 5655 190 5665; x_wconf 84' lang='grc'><strong>“</strong></span> <span class='ocrx_word' id='word_1_654' title='bbox 256 5655 351 5710; x_wconf 90' lang='lat' dir='ltr'>codice</span> <span class='ocrx_word' id='word_1_655' title='bbox 370 5672 411 5724; x_wconf 87' lang='lat' dir='ltr'>eo,</span> <span class='ocrx_word' id='word_1_656' title='bbox 428 5673 445 5710; x_wconf 86' lang='lat' dir='ltr'>a</span> <span class='ocrx_word' id='word_1_657' title='bbox 464 5675 519 5725; x_wconf 90' lang='lat' dir='ltr'>quo</span> <span class='ocrx_word' id='word_1_658' title='bbox 537 5659 626 5713; x_wconf 87' lang='lat' dir='ltr'>nostri</span> <span class='ocrx_word' id='word_1_659' title='bbox 644 5658 782 5728; x_wconf 82' lang='lat' dir='ltr'>originem</span> <span class='ocrx_word' id='word_1_660' title='bbox 800 5660 949 5715; x_wconf 83' lang='lat' dir='ltr'>duxerunt.</span> <span class='ocrx_word' id='word_1_661' title='bbox 1448 5683 1451 5692; x_wconf 72' lang='lat'><em>,</em></span> <span class='ocrx_word' id='word_1_662' title='bbox 1705 5653 1756 5707; x_wconf 78' lang='lat' dir='ltr'>Th·</span> <span class='ocrx_word' id='word_1_663' title='bbox 1769 5655 1806 5707; x_wconf 82' lang='lat' dir='ltr'>M·</span> <span class='ocrx_word' id='word_1_664' title='bbox 1913 5653 1924 5678; x_wconf 81' lang='lat'>&#39;</span> 
     </span>
    </p>
   </div>
   <div class='ocr_carea' id='block_1_6' title="bbox 360 5772 1702 5850">
    <p class='ocr_par' dir='ltr' id='par_1_16' title="bbox 360 5772 1702 5850">
     <span class='ocr_line' id='line_1_54' title="bbox 360 5772 1702 5850; baseline -0.006 -17"><span class='ocrx_word' id='word_1_665' title='bbox 360 5775 487 5834; x_wconf 75' lang='lat' dir='ltr'>smosms.</span> <span class='ocrx_word' id='word_1_666' title='bbox 1420 5845 1423 5850; x_wconf 25' lang='grc' dir='ltr'><strong><em>Ι</em></strong></span> <span class='ocrx_word' id='word_1_667' title='bbox 1685 5772 1702 5825; x_wconf 89' lang='lat' dir='ltr'>d</span> 
     </span>
    </p>
   </div>
   <div class='ocr_carea' id='block_1_7' title="bbox 0 0 2370 6436">
    <p class='ocr_par' dir='ltr' id='par_1_17' title="bbox 0 0 2370 6436">
     <span class='ocr_line' id='line_1_55' title="bbox 0 0 2370 6436; baseline 0 0"><span class='ocrx_word' id='word_1_668' title='bbox 0 0 2370 6436; x_wconf 95' lang='lat' dir='ltr'> </span> 
     </span>
    </p>
   </div>
  </div>
 </body>
</html>
