4560 6434
433 424 494 492 340
1045 417 1185 478 aaaron
1202 416 1463 478 EPISTULARUM

330 599 362 672 G
426 601 564 686 propitio
600 599 766 665 fortiorem
801 599 877 680 deo,
912 598 971 665 sed
1003 600 1100 687 plane
1134 619 1229 663 omne
1262 596 1471 684 hospitiolum
1508 603 1653 662 nostrum
1689 593 1827 664 diversis
1860 593 2081 663 incommodis

379 706 398 767 3
431 704 579 768 laborare
610 704 769 788 significo.
813 705 1010 791 peculiarius
1040 723 1134 788 rogo,
1164 702 1319 766 attentius
1347 701 1478 766 domino
1509 701 1716 788 supplicetis,
1751 706 1788 765 ut
1817 702 1872 787 qui
1904 703 2000 766 nobis
2031 703 2082 765 in-

430 807 652 871 columitatem
675 808 794 872 vestris
823 809 1025 874 orationibus
1052 809 1253 888 reddidistis,
1287 815 1320 873 et
1349 808 1399 872 his
1424 830 1519 895 opem
1542 830 1579 872 ac
1602 809 1774 873 medellam
1798 809 1926 873 divinae
1948 808 2083 872 miseri-

431 911 558 975 cordiae
581 911 825 977 intercessionis
848 919 978 979 vestrae
1002 914 1181 1001 patrocinio
1206 913 1391 978 conteratis.
1436 933 1494 977 ora
1515 933 1573 998 pro
1595 934 1658 977 me.

1171 1295 1331 1360 XXXIX.

630 1465 820 1531 DOMINIS
846 1466 1116 1532 SUBLIMIBUS
1139 1467 1198 1532 ΕΤ
1220 1467 1486 1534 MAGNIFIOIS
1510 1467 1643 1534 FILIIS
1669 1467 1878 1534 EUDOMIO

801 1571 858 1636 ΕΤ
881 1570 1181 1637 MELANTHIAE
1206 1571 1422 1638 RURICIUS
1446 1571 1703 1639 EPISOOPUS.

379 1729 391 1788 ¹
539 1704 643 1815 Quart
671 1737 779 1822 gravis
810 1737 889 1801 mibi
917 1737 1065 1802 orbitatis
1088 1745 1218 1804 restrae
1249 1739 1291 1803 sit
1319 1739 1442 1820 luctus,
1474 1738 1569 1803 testis
1599 1745 1651 1803 est
1672 1738 1816 1824 pectoris
1839 1738 1904 1802 mei
1928 1739 2080 1802 conscius

376 1841 395 1901 2
427 1838 523 1910 deus:
553 1841 638 1925 quod
665 1840 776 1905 uerbis
807 1841 997 1906 subtilitatis
1027 1849 1155 1908 vestrae
1185 1843 1328 1907 indicare
1357 1864 1423 1908 non
1446 1862 1590 1929 possum.
1636 1864 1711 1907 nam
1734 1843 1780 1906 ita
1802 1842 1944 1906 animum
1967 1863 2079 1906 meum

427 1942 547 2008 doloris
572 1946 673 2010 vestri
694 1946 802 2032 passio
827 1946 994 2027 sauciavit,
1018 1967 1057 2010 ac
1080 1947 1107 2010 si
1130 1931 1230 2011 unum
1254 1945 1295 2012 de
1318 1947 1457 2032 propriis
1481 1945 1653 2010 affectibus
1677 1944 1902 2032 perdidissem,
1926 1946 2002 2030 quia
2023 1967 2079 2010 me
2110 1960 2137 1998 ¹⁰

427 2046 518 2112 vobis
541 2050 725 2134 proximum
748 2055 781 2112 et
804 2048 943 2134 quodam
967 2049 1063 2114 modo
1088 2051 1365 2135 consanguineum
1387 2050 1472 2114 beno
1496 2070 1625 2114 mecum
1649 2048 1776 2134 agendo
1799 2049 1936 2114 fecistis.
1974 2055 2078 2134 atque

425 2149 516 2226 ideo,
555 2152 632 2236 quia
664 2152 792 2216 labores
827 2160 861 2216 et
892 2154 1061 2237 angustias
1096 2161 1226 2218 nostras
1261 2155 1450 2239 frequenter
1485 2153 1518 2217 in
1551 2175 1608 2218 vos
1645 2174 1703 2239 pro
1736 2158 1846 2218 restra
1884 2152 2076 2236 dignatione

375 2257 393 2317 3
427 2255 602 2341 suscipitis,
632 2256 752 2320 iustum
776 2262 837 2335 est,
861 2262 895 2322 et
916 2278 976 2322 nos
1000 2259 1126 2338 vestris,
1151 2280 1224 2322 oum
1247 2257 1435 2339 acciderint,
1457 2258 1652 2344 participare
1675 2256 1890 2321 maeroribus.
1935 2257 1962 2319 si
1987 2257 2076 2320 enim

427 2359 518 2423 iuxta
541 2361 680 2445 apostoli
711 2360 908 2426 sententiam
938 2361 1034 2426 unius
1063 2362 1207 2448 corporis
1235 2361 1383 2426 membra
1410 2361 1473 2425 sibi
1499 2361 1638 2425 invicem
1668 2361 1908 2446 compatiuntur
1935 2365 1968 2422 ct
1996 2380 2077 2423 con-

374 2465 392 2524 4
427 2461 552 2545 dolent,
583 2463 678 2528 decet
709 2485 769 2528 nos
793 2485 921 2550 quoqne
945 2487 1056 2531 eornm
1079 2464 1287 2530 incommoda
1309 2503 1390 2529 m.
1413 2486 1513 2551 saepe
1537 2464 1744 2552 percipimus.
1790 2461 1937 2527 dolemus
1961 2463 2075 2548 itaque
2106 2479 2132 2516 ¹⁵

426 2566 516 2630 casui
539 2574 648 2632 uestro
673 2573 706 2632 et
734 2568 919 2654 planctibus
942 2571 1060 2633 vestris
1087 2571 1248 2634 interesse
1281 2591 1340 2634 nos
1372 2569 1544 2635 credimus.
1589 2568 1646 2633 sed
1676 2566 1754 2652 quid
1781 2566 1933 2647 facimus,
1963 2566 2078 2631 domni

425 2669 493 2750 filii,
522 2670 607 2756 quod
631 2672 790 2736 voluntati
813 2671 944 2737 divinae
968 2674 1119 2738 resistere
1142 2695 1203 2738 neo
1226 2695 1400 2760 possumus
1423 2695 1484 2737 nec
1506 2673 1665 2738 debemus
1690 2677 1723 2736 et
1745 2671 1831 2734 omni
1855 2669 2077 2734 sollicitudine

424 2795 631 2860 praecavere,
655 2778 696 2840 r're
721 2775 797 2840 dum
820 2777 930 2842 dulcia
953 2777 1047 2842 nobis
1071 2777 1209 2864 pignora
1232 2778 1330 2842 nimio
1353 2776 1464 2842 dolore
1488 2776 1655 2856 deflemus,
1678 2773 1863 2861 blasphemi
1886 2772 2016 2859 quidem
2041 2781 2077 2838 et

424 2878 570 2943 iniuriosi
593 2879 797 2944 inveniamur
819 2881 852 2944 in
876 2880 1007 2946 domino
1032 2886 1066 2945 et
1087 2881 1219 2970 gravius
1243 2881 1369 2945 animas
1393 2887 1520 2945 nostras
1542 2887 1655 2945 auctor
1677 2879 1777 2965 ipsius
1795 2878 1918 2958 mortis,
1941 2877 2077 2942 inventa

372 2987 391 3044 5
423 2983 604 3064 occasione,
629 2984 805 3066 confodiat,
830 3006 926 3070 quam
950 3004 1100 3049 carorum
1122 2985 1296 3050 omissione
1320 2985 1490 3070 percussit.
1532 2983 1669 3069 ideoque
1692 2983 1725 3046 in
1747 2981 1834 3046 omni
1856 2980 2074 3046 amaritudine
2104 2995 2132 3034 2⁰

423 3087 475 3152 vel
498 3085 610 3152 dolore
634 3086 675 3152 ad
698 3086 795 3152 deum
818 3088 913 3153 nobis
937 3095 986 3152 est
1008 3088 1238 3173 refugiendum
1261 3094 1294 3154 et
1317 3087 1357 3152 ad
1381 3089 1472 3153 illum
1495 3107 1606 3153 omnes
1631 3107 1725 3151 casus
1747 3085 1852 3150 nostri
1878 3089 1945 3148 toto
1975 3084 2075 3149 eorde

370 3192 389 3254 6
421 3189 598 3273 referendi,
626 3193 681 3279 qui
704 3199 799 3256 sanat
821 3193 1021 3275 vulneratos,
1054 3195 1108 3278 qui
1131 3195 1257 3258 relevat
1280 3199 1438 3274 maestos,
1471 3193 1524 3278 qui
1547 3191 1734 3256 consolatur
1757 3189 1913 3254 adflictos.
1959 3196 1993 3254 et
2016 3190 2075 3254 illa

421 3296 525 3360 sancti
553 3295 614 3361 Iob
645 3297 809 3361 sententia
841 3297 971 3362 omnino
1002 3295 1140 3362 dicenda
1168 3302 1231 3362 est:
1267 3297 1455 3360 dominus
1487 3295 1615 3375 dedit,
1652 3294 1838 3359 dominus
1868 3293 2075 3375 abstulit,

421 3401 523 3464 sicut
549 3400 705 3466 domino
733 3401 988 3486 placuit,‘ita
1015 3400 1161 3465 laetum
1189 3406 1269 3476 est;
1301 3401 1354 3465 sit
1380 3421 1522 3466 nomen
1550 3399 1706 3464 domini
1733 3397 1994 3464 benedictum.
2038 3407 2075 3462 et

421 3503 476 3567 ille
503 3503 566 3569 boc
597 3504 724 3590 quando
748 3504 895 3587 dicebat,
925 3504 1039 3570 decem
1062 3505 1146 3569 filios
1170 3525 1243 3569 oum
1266 3506 1354 3569 omni
1377 3505 1532 3570 facultate
1555 3502 1743 3590 perdiderat
1764 3522 1825 3566 neo
1848 3507 1959 3566 tamen
1981 3502 2072 3566 blas·
2100 3514 2129 3554 ²⁵

421 3607 576 3693 phemare
600 3613 656 3672 aut
679 3607 797 3672 damno
821 3614 877 3672 aut
899 3607 1012 3674 dolore
1037 3609 1224 3696 compulsus
1241 3615 1303 3691 est,
1326 3609 1411 3673 sicut
1425 3608 1504 3673 dicit
1519 3608 1692 3694 scriptura:
1716 3607 1754 3671 in
1778 3605 1964 3671 omnibus
1988 3626 2073 3692 quae

369 3713 387 3774 7
420 3712 611 3778 acciderunt
638 3713 669 3777 ei
701 3713 812 3777 nihil
838 3713 1025 3799 peccarit
1055 3713 1180 3778 labiis
1206 3711 1291 3780 Iob.
1336 3713 1421 3798 quod
1449 3734 1510 3798 ego
1538 3713 1653 3798 pietati
1680 3717 1810 3774 vestrae
1838 3711 1981 3775 scribere
2013 3730 2072 3796 pro

420 3821 534 3879 mutua
568 3817 703 3881 caritate
738 3818 957 3904 praesumpsi,
996 3823 1033 3881 ut
1065 3816 1211 3882 dolorem
1251 3817 1433 3882 animorum
1467 3823 1664 3896 vestrorum,
1706 3836 1802 3900 quem
1835 3814 1953 3879 litteris
1988 3814 2072 3878 meis

368 3921 387 3983 8
420 3919 570 4004 mitigare
594 3941 658 3984 non
681 3926 843 4005 poteram,
872 3923 924 3986 vel
949 3921 1066 3987 divinis
1090 3921 1229 4006 eloquiis
1251 3927 1426 4006 utcumque
1451 3918 1647 3985 moderarer.
1692 3938 1785 3999 vere,
1817 3918 1845 3982 si
1875 3917 1954 3981 mibi
1977 3917 2072 4002 qnasi

419 4029 530 4087 vestro
555 4021 687 4088 creditis
712 4023 810 4104 cordi,
833 4045 898 4088 non
914 4025 1082 4090 minimum
1098 4026 1234 4112 potestis
1250 4046 1369 4111 capere
1385 4025 1425 4089 de
1443 4023 1563 4088 Christi
1579 4022 1699 4087 domini
1715 4023 1883 4086 voluntate
1899 4022 2067 4102 solacium,
2097 4035 2124 4074 ³⁰

421 4126 515 4211 quod,
540 4134 700 4212 quatenus
717 4128 823 4215 ipsum
841 4131 1032 4194 immaturus
1054 4130 1209 4194 manebat
1230 4129 1391 4210 interitus,
1415 4129 1515 4193 talem
1539 4149 1613 4193 eum
1637 4131 1688 4190 est
1710 4125 1863 4210 dignatus
1887 4147 2068 4206 assumere,

419 4231 564 4314 qualium
593 4252 728 4316 regnum
759 4231 870 4296 docuit
898 4255 973 4298 esse
1005 4235 1185 4309 caelornm;
1219 4239 1256 4297 ut
1288 4240 1320 4297 et
1352 4239 1526 4320 patronum
1549 4230 1718 4296 haberetis
1751 4252 1793 4294 ex
1816 4229 1882 4293 filio
1908 4235 1941 4293 et
1964 4230 2070 4293 minus

419 4332 574 4398 doleretis
598 4335 766 4418 amissum,
791 4357 886 4421 quem
913 4357 932 4400 a
955 4337 1086 4402 domino
1108 4337 1269 4402 videbatis
1293 4343 1508 4424 assumptum.
1554 4342 1631 4421 opto
1654 4333 1738 4398 bene
1763 4333 1878 4418 agatis.

520 4645 554 4698 14
572 4643 592 4700 Ι.
605 4643 665 4699 Cor.
683 4643 745 4710 XII,
762 4644 805 4700 26.
892 4645 993 4700 23101)
1012 4646 1033 4711 I,
1051 4647 1093 4701 21.
1180 4648 1214 4702 26
1232 4646 1282 4702 Iob
1302 4646 1335 4713 ΙΙ,
1354 4647 1394 4701 10.
1482 4647 1517 4701 32
1535 4645 1637 4702 Mattb.
1651 4644 1723 4712 XIX,
1742 4645 1784 4700 14.

522 4819 535 4871 1
549 4821 689 4888 porciorem
702 4820 750 4885 0¹,
764 4822 896 4873 forciorem
910 4821 949 4872 0²
1020 4823 1067 4873 deo
1083 4823 1129 4874 aed
1141 4819 1225 4890 plana]
1235 4822 1386 4888 Mommren,
1406 4823 1451 4875 sed
1465 4839 1499 4875 en
1512 4821 1574 4888 (heu
1586 4821 1639 4888 0²)
1657 4823 1762 4891 planum
1777 4821 1855 4887 (corr.
1865 4822 1970 4889 plenum
1983 4818 2034 4884 0¹)
2046 4820 2071 4870 G

415 4903 626 4973 3redlldistinG
677 4905 1035 4976 acmedellam]amedellnm
1051 4908 1083 4972 0,
1098 4909 1234 4960 amedella
1245 4909 1310 4960 coni.
1321 4908 1463 4960 Mommsen
1551 4905 1748 4960 lmelantiaefil
1834 4903 2024 4972 9subtilitatia]
2038 4907 2070 4971 0,

416 4992 568 5044 sublimitati
586 4995 651 5045 coni.
663 4993 786 5060 Bamape
907 4993 938 5045 11
957 4995 1069 5061 quadam
1087 4995 1162 5046 modo
1180 4996 1398 5062 consanguineam
1417 4995 1495 5060 (corr.
1514 4996 1734 5062 consanguineum
1751 4991 1801 5060 0¹)
1816 4995 1840 5046 G
1960 4990 1993 5044 12
2011 4991 2068 5058 uos]

415 5079 575 5146 lattjolrcrrn,
592 5075 645 5135 uob
660 5081 683 5131 0
787 5079 820 5133 13
837 5083 981 5134 accederint
997 5082 1020 5133 G
1123 5080 1156 5132 15
1174 5079 1272 5148 eorum]
1291 5098 1366 5156 ccreu
1380 5091 1483 5134 exercete
1498 5082 1539 5133 0:
1554 5082 1674 5134 miserere
1691 5097 1800 5147 quorum
1814 5081 1898 5146 mppl.
1911 5079 2069 5145 Lr'ujobcrm,

416 5168 570 5234 persentire,
597 5184 661 5233 quoa
679 5185 695 5219 a
716 5168 790 5220 nobis
808 5168 954 5220 indiuiduos
972 5185 1027 5220 essa
1043 5177 1101 5234 poet
1123 5170 1283 5222 incommoda
1300 5170 1384 5235 suppl.
1403 5169 1544 5221 Momasson
1649 5168 1808 5236 percepimus
1832 5168 1897 5218 coni.
1917 5165 2066 5232 Lrltjobaan

417 5251 449 5304 16
467 5256 513 5308 sed
531 5282 563 5290 -
581 5252 616 5306 33
633 5252 879 5322 assumptumlcum
897 5256 1006 5322 epistola
1025 5255 1066 5320 II,
1082 5258 1099 5306 3
1116 5257 1266 5308 conveniunt
1339 5255 1475 5324 domni]G
1589 5255 1622 5308 18
1640 5254 1786 5323 quidan
1896 5251 1929 5303 21
1948 5253 2030 5303 omnia
2045 5253 2070 5302 0
2146 5256 2153 5268 '

415 5337 449 5390 22
465 5341 646 5393 consolator&
748 5339 783 5392 24
800 5350 826 5393 et
845 5370 876 5377 —
894 5339 927 5392 27
946 5339 1001 5408 lob]
1019 5359 1101 5409 supra
1114 5361 1143 5410 p.
1158 5345 1213 5406 313,
1232 5344 1278 5394 l.3
1296 5343 1476 5394 cleddercrrncr
1579 5342 1612 5395 27
1630 5341 1822 5395 accederuntG
1925 5337 1960 5390 28
1979 5335 2068 5406 quem]

415 5427 526 5478 sciebam
545 5429 658 5494 quodie
676 5447 714 5495 ep.
734 5429 776 5493 ΙΙ,
795 5429 892 5481 sado.
995 5427 1029 5481 29
1046 5431 1191 5482 moderarer
1209 5427 1279 5496 uere]
1305 5431 1434 5480 moderare
1456 5431 1587 5480 reuoreG
1691 5427 1725 5480 32
1742 5429 1804 5495 qual
1822 5427 1859 5492 (in
1879 5430 1960 5493 regnu
1979 5425 2068 5476 docuit

413 5513 441 5564 in
457 5531 509 5563 ros.
532 5513 555 5562 G
566 5511 585 5580 ¹)
607 5515 638 5576 0,
655 5515 771 5580 qualium
790 5533 897 5582 regnum
916 5517 981 5567 dixit
998 5533 1079 5583 mpro
1096 5516 1138 5581 II,
1155 5520 1172 5568 3
1241 5513 1282 5581 ex]
1301 5517 1323 5566 dr
1344 5517 1366 5565 G
