4560 6434
419 405 479 468 308
1037 395 1175 455 RURIOII
1192 395 1451 454 EPISTULARUM

335 586 368 658 θ
422 597 598 664 properum
623 577 747 641 scilicet
771 576 946 640 velocitate
969 596 1031 641 nec
1054 575 1182 662 pigrum
1205 572 1375 638 tarditate:
1406 572 1457 638 oui
1484 573 1596 639 frenus
1619 577 1653 635 et
1676 573 1827 638 stimulus
1850 575 1892 639 sit
1920 574 2067 641 sedentis

423 681 603 758 arbitrium,
629 683 681 746 cui
705 682 745 746 ad
770 680 977 746 evehendum
1000 702 1082 745 onus
1105 686 1138 744 et
1160 679 1246 743 velle
1270 684 1423 764 suppetat
1446 678 1567 763 pariter
1589 684 1622 741 et
1644 697 1753 763 posse,
1777 679 1823 742 ita
1838 685 1875 743 ut
1890 701 1951 744 neo
1968 680 2067 745 cedat

370 788 389 849 2
422 787 629 872 superposito
654 806 714 850 nec
738 784 882 871 deponat
905 785 1103 872 impositum.
1148 784 1198 848 bis
1223 783 1351 866 itaque,
1375 782 1460 846 sicut
1482 782 1640 867 oportuit,
1663 782 1837 864 intimatis,
1869 784 2066 850 salutatione

417 889 573 974 praelata,
595 889 829 975 pollicitatione
853 889 1018 973 dispensa,
1048 887 1208 972 promissa
1231 885 1449 972 deposcimus,
1478 890 1513 950 ut
1536 885 1576 949 ad
1601 885 1853 950 sollemnitatem
1877 894 2062 953 sanctorum

417 991 458 1056 ad
487 1013 547 1056 nos
574 991 636 1056 deo
668 993 809 1079 propitio
841 1013 905 1055 una
940 1013 1012 1056 curn
1049 1012 1158 1056 sorore
1195 998 1308 1055 nostra
1337 991 1450 1054 venire
1486 989 1680 1074 dignemini,
1720 991 1877 1055 honorem
1909 994 2067 1077 patronis,
2110 1007 2123 1045 ⁵

418 1097 573 1161 fratribus
598 1098 762 1177 allectum,
785 1098 925 1181 gratiam
949 1097 1078 1182 populis
1100 1095 1298 1182 praestituri.

1202 1389 1276 1455 XV.

596 1545 774 1612 DOMINO
799 1546 885 1611 SUO
908 1545 1157 1612 PEOULIARI
1180 1545 1228 1610 IN
1252 1543 1458 1622 OHRISTO,
1483 1543 1661 1610 DOMINO
1685 1543 1896 1611 PATRONO

905 1651 1079 1717 AEONIO
1104 1648 1324 1716 EPISOOPO
1348 1647 1575 1713 RURIOIUS.

369 1793 379 1852 ¹
526 1771 664 1863 Aanrro
688 1801 828 1864 transitu
859 1807 990 1863 sanctae
1019 1805 1051 1861 et
1073 1795 1269 1860 venerabilis
1299 1794 1385 1881 apud
1415 1817 1467 1860 me
1496 1795 1732 1860 reeordationis
1761 1794 1885 1860 domini
1914 1799 1979 1862 mei
2005 1797 2065 1863 'de-
2096 1814 2123 1853 1⁰

417 1903 554 1967 cessoris
577 1904 677 1967 vestri
700 1902 843 1980 Leontii,
876 1903 983 1966 auimo
1007 1909 1040 1965 et
1062 1907 1171 1965 mente
1196 1900 1352 1965 contusus
1381 1899 1436 1964 diu
1459 1899 1660 1986 multumque
1684 1901 1834 1965 tristatus
1860 1923 1948 1985 sum,
1979 1905 2066 1989 quod

417 2013 461 2088 et,
488 2007 741 2094 impedientibus
765 2007 907 2093 peccatis
931 2006 1022 2085 meis,
1051 2010 1142 2069 tanto
1167 2005 1304 2068 antistiti
1327 2025 1497 2070 occurrere
1521 2025 1585 2069 non
1608 2025 1792 2069 merueram
1816 2012 1849 2070 at
1871 2007 1929 2071 tali
1953 2028 2061 2072 essem

366 2113 386 2173 2
418 2117 554 2197 parante
578 2111 733 2196 privatus.
778 2111 870 2175 cuius
894 2111 956 2174 etsi
979 2109 1151 2174 exterioris
1175 2108 1317 2173 bominis
1341 2130 1407 2173 non
1428 2109 1561 2174 fruebar
1584 2115 1737 2195 aspectu,
1769 2110 1930 2174 interioris
1953 2118 2065 2178 tamen

419 2215 526 2298 gratia
549 2214 739 2279 delectabar
762 2222 795 2279 et
817 2214 935 2278 mentis
959 2214 1027 2277 acie
1052 2212 1171 2297 iugiter
1187 2211 1422 2288 adhaerebam
1445 2234 1505 2298 per
1521 2233 1616 2297 quem
1634 2218 1668 2277 et
1683 2213 1716 2276 in
1733 2234 1796 2299 quo
1811 2214 1891 2279 mihi
1907 2237 2065 2301 praeseus

417 2318 556 2403 quodam
573 2318 670 2383 modo
687 2325 720 2384 et
738 2318 933 2382 cernebatur
955 2316 1071 2381 obtutu
1096 2322 1130 2381 et
1152 2314 1349 2380 audiebatur
1371 2317 1471 2380 allatu
1494 2324 1527 2381 et
1549 2316 1746 2402 palpabatur
1768 2324 1892 2382 attactu
1915 2325 1948 2382 et
1970 2325 2064 2384 tene-
2094 2335 2119 2373 ιι

417 2421 512 2486 batur
528 2422 693 2507 amplexu,
718 2421 878 2505 siquidem
897 2422 963 2484 cari
981 2420 1070 2483 nullo
1095 2439 1130 2482 se
1153 2419 1272 2482 melius
1294 2419 1367 2482 loco
1391 2441 1487 2504 quam
1510 2421 1544 2484 iu
1568 2420 1665 2484 corde
1689 2421 1836 2485 caritatis
1860 2421 1964 2507 ipsius
1988 2423 2066 2488 sede

369 2526 388 2587 3
423 2525 635 2612 conspiciunt.
680 2525 766 2590 unde
791 2524 986 2610 etamplius
1016 2521 1244 2587 desiderabam
1274 2522 1375 2587 oculis
1399 2523 1507 2587 videre
1539 2524 1741 2602 carnalibus,
1772 2545 1868 2609 quem
1896 2526 1942 2591 ita
1970 2528 2066 2614 spiri-

420 2629 541 2694 talibus
565 2630 727 2710 intuebar,
760 2627 818 2693 sad
849 2627 951 2692 dolori
979 2647 1052 2691 meo
1083 2625 1338 2690 consolationem
1366 2647 1421 2708 ea,
1454 2647 1538 2712 quac
1566 2628 1655 2713 prius
1685 2627 1867 2694 tribuerant
1897 2631 2067 2714 solacium,

421 2733 524 2819 ipsius
555 2734 672 2798 merita
701 2733 877 2812 dederunt,
907 2730 982 2817 quia
1011 2729 1151 2810 confido,
1187 2729 1274 2817 quod
1303 2751 1400 2815 quem
1428 2738 1565 2817 paterna
1595 2733 1700 2818 pietas
1729 2731 1861 2814 dilexit,
1893 2740 1926 2799 et
1953 2735 2068 2801 sedula

370 2841 389 2899 4
423 2837 656 2901 intercessione
680 2837 852 2901 custodiat.
897 2834 955 2899 sed
983 2834 1065 2898 haec
1095 2835 1258 2898 sanctitati
1281 2840 1409 2898 vestrae
1440 2834 1533 2918 quasi
1556 2835 1725 2900 vobiscum
1753 2838 1943 2923 colloquens
1965 2846 2064 2924 atque
2094 2853 2119 2892 2⁰

369 2945 388 3002 5
420 2940 546 3004 avobis
569 2942 725 3006 maeroris
749 2941 850 3026 ipsius
874 2941 1025 3004 levamen
1049 2939 1228 3024 requirens,
1251 2939 1395 3002 dictante
1419 2937 1606 3020 dilectione,
1631 2940 1823 3005 rettulerim.
1869 2963 1954 3006 nunc
1977 2965 2065 3025 vero,

418 3053 454 3109 ut
481 3045 590 3110 dicere
620 3045 840 3123 institueram,
869 3044 1057 3109 accersione
1089 3043 1192 3130 ipsius
1223 3042 1346 3107 domini
1368 3043 1433 3106 mei
1456 3047 1489 3104 et
1511 3044 1715 3127 apostolatus
1739 3046 1839 3108 vestri
1864 3044 2068 3112 ordinatione

420 3157 603 3235 comperta,
633 3149 674 3213 ad
705 3149 847 3214 cilicium
870 3155 1014 3212 vestrum
1043 3147 1172 3211 mittere
1196 3146 1393 3231 cogitabam.
1437 3144 1495 3210 sed
1518 3147 1709 3210 muneribus
1733 3149 1851 3213 vestris
1874 3149 2067 3216 humilitatis

418 3275 510 3319 meae
535 3254 751 3341 praevenistis
774 3254 978 3338 obsequium,
1002 3271 1086 3336 quae
1110 3250 1189 3314 mihi
1211 3251 1366 3314 maiorem
1390 3249 1554 3315 scribendi
1578 3250 1729 3315 fiduciam
1751 3253 1966 3336 coutulerunt,
1991 3255 2068 3341 quia

418 3379 609 3443 praesumo,
644 3357 729 3444 quod
758 3377 855 3443 quem
884 3356 1082 3419 liberalitate
1111 3354 1254 3418 feceritis
1284 3353 1435 3438 dignum,
1466 3355 1506 3419 ab
1535 3355 1653 3418 animis
1676 3355 1793 3420 vestris
1822 3377 1885 3422 uon
1916 3358 2067 3423 habeatis
2095 3372 2121 3411 2⁵

367 3462 386 3522 6
419 3461 571 3524 alionum.
614 3467 647 3524 ct
671 3460 755 3537 ideo,
780 3460 864 3523 sicut
887 3459 973 3524 datis
997 3459 1155 3543 intellegi,
1179 3460 1332 3542 quoniam
1356 3459 1438 3522 tanti
1460 3458 1583 3522 babere
1607 3457 1795 3543 dignamini,
1820 3462 2067 3546 sospitationem

421 3565 614 3630 beatitudini
646 3569 774 3627 vestrae
809 3585 868 3649 per
904 3565 1030 3627 litteras
1059 3561 1193 3625 uberem
1225 3561 1299 3625 dico
1329 3562 1488 3647 simulque
1518 3563 1675 3649 peculiari
1706 3586 1804 3650 prece
1835 3564 1992 3651 deposco,
2028 3588 2067 3631 eo

420 3691 545 3733 mecum
570 3688 667 3752 agore
691 3668 771 3732 tanti
796 3667 945 3732 habeatis
969 3668 1098 3744 affectu,
1128 3675 1163 3729 ut
1186 3666 1339 3730 domnum
1361 3666 1536 3730 Leontium
1562 3668 1769 3753 praemisisse
1794 3673 1825 3730 ut
1848 3676 2066 3734 commutasse
2187 3709 2188 3714 κ

419 3774 528 3858 potius
553 3794 649 3858 quam
673 3771 855 3859 perdidisse
880 3793 1084 3856 cognoscam.

1198 4010 1291 4076 XVI.
1769 4043 1777 4083 ι
1927 4073 1930 4078 ,
2094 4033 2121 4070 so

411 4167 589 4265 DOMINO
606 4169 898 4250 VRNRRABILI,
923 4166 1197 4233 ADMIRABILI
1215 4166 1273 4231 ET
1290 4166 1478 4232 SANOTIS
1496 4167 1696 4234 OMNIBUS
1714 4169 2072 4256 AEQUIPERANDO

823 4274 993 4339 FRATRI
1017 4272 1202 4338 SIDONIO
1225 4271 1415 4337 VIDRNTI
1439 4271 1665 4339 RURIOIUS.

370 4415 382 4473 1
530 4389 624 4485 Onu
656 4427 705 4501 te,
735 4422 836 4486 frater
865 4422 1049 4500 carissime,
1081 4421 1167 4486 fama
1197 4422 1410 4487 celeberrima
1438 4421 1663 4508 praedicante,
1695 4422 1831 4507 cognovi
1862 4428 1896 4485 et
1923 4423 1956 4485 in
1989 4422 2068 4488 seda

420 4525 563 4589 caritatis
592 4525 656 4589 illis
684 4525 803 4611 quibus
832 4527 902 4612 ipse
930 4527 1049 4590 melius
1078 4531 1207 4590 terrena
1237 4526 1382 4611 despicis
1414 4532 1447 4589 et
1480 4527 1637 4589 caelestia
1670 4524 1842 4610 divinaque
1878 4524 2066 4591 consideras

419 4629 520 4692 oculis
545 4628 662 4693 mentis
687 4631 810 4715 aspexi,
834 4630 920 4693 unde
943 4631 1045 4717 ipsius
1069 4630 1379 4717 uomenadscripsi,
1404 4630 1495 4694 cuius
1518 4651 1652 4694 munere
1673 4629 1826 4692 donatum
1845 4649 1919 4693 esse
1935 4634 1969 4692 te
1990 4628 2065 4693 vidi.
2095 4642 2120 4680 ³⁵

368 4735 386 4796 2
420 4740 453 4797 et
470 4733 551 4813 ideo,
575 4733 651 4797 dum
668 4738 699 4796 te
715 4732 747 4795 in
764 4736 898 4820 speculo
917 4735 1019 4799 cordia
1043 4735 1218 4819 diligenter
1234 4774 1299 4799 m·
1316 4742 1349 4798 et
1371 4733 1645 4820 pulchritudinem
1669 4735 1832 4799 interioris
1856 4733 1996 4797 hominis
2019 4733 2066 4797 tui

419 4837 633 4903 vehementer
656 4835 810 4917 admiror,
841 4838 882 4901 ad
906 4839 1155 4904 desiderandum
1184 4841 1281 4904 animi
1311 4841 1375 4903 mei
1400 4840 1527 4902 viscera
1554 4839 1737 4917 concitasti,
1766 4859 1849 4922 quae
1877 4839 1910 4900 in
1936 4842 2061 4901 tantum

418 4943 571 5007 affectum
595 4948 685 5005 tuum
711 4943 931 5006 meracissima
953 4942 1128 5007 dilectione
1152 4952 1315 5008 commota
1338 4927 1427 5022 sunt,
1456 4950 1612 5027 utquam
1637 4941 1835 5028 spiritalibus
1858 4941 1961 5005 oculis
1985 4961 2063 5004 con-

523 5200 684 5268 ltanlitata]
704 5220 752 5254 om.
768 5203 798 5264 O,
816 5220 846 5253 aa
863 5203 974 5268 epistola
988 5203 1028 5266 ΙῙ,
1041 5208 1073 5255 35
1089 5205 1186 5255 inserui
1266 5205 1421 5256 sedentesO
1533 5203 1718 5256 30nortuitG
1830 5199 2069 5268 AdapoacemusG

417 5289 577 5356 lipopulitl
672 5285 807 5353 llacouio]
826 5290 926 5354 compsi,
943 5291 1017 5340 eonio
1032 5291 1063 5351 (l,
1080 5290 1200 5356 cs.iqfra
1214 5290 1283 5353 11,c
1375 5289 1409 5340 10
1425 5291 1623 5342 uenerabilaaG
1715 5289 1746 5340 ll
1766 5289 1843 5340 leonti
1860 5289 1883 5336 0
1976 5286 2008 5338 13
2026 5303 2068 5338 cx·

418 5378 508 5428 tororis
528 5375 550 5424 O
671 5372 704 5423 lo
721 5372 812 5439 affatu]
835 5375 991 5442 In'c‘tjolrcnn,
1008 5377 1140 5427 allectus}
1263 5376 1294 5427 16
1313 5394 1340 5428 se
1358 5373 1460 5443 urelius]
1479 5379 1594 5429 aemilius
1609 5379 1632 5427 G
1754 5375 1786 5426 19
1804 5371 1881 5442 quod]
1901 5381 2026 5440 quotquot
2046 5373 2069 5424 O

417 5463 451 5513 ‘22
469 5459 622 5526 accersione}
641 5459 791 5525 dlooamsen,
809 5464 952 5514 arcersionc
967 5465 997 5524 (l,
1015 5465 1049 5529 cs.
1064 5465 1146 5514 Olore.
1165 5463 1238 5528 aprrd
1254 5463 1320 5526 Mai,
1339 5465 1420 5515 Olore.
1434 5463 1507 5514 Arrct.
1524 5463 1570 5527 VI,
1581 5469 1638 5526 503,
1655 5464 1807 5515 arcisitionis
1823 5463 1897 5526 iqsra
1911 5477 1940 5527 p.
1951 5463 2006 5523 315,
2023 5461 2069 5510 Ab

419 5547 453 5600 24
470 5549 605 5599 fiduciati
719 5547 936 5600 tornoterinse
1048 5549 1082 5600 26
1099 5549 1219 5617 datisldl
1326 5549 1358 5601 ‘27
1377 5552 1620 5608 beatitudinisG,
1696 5549 1730 5601 ⁴28
1748 5545 1926 5614 dornnum]O
1999 5565 2069 5614 praa·

419 5635 526 5700 misisse]
546 5636 579 5700 cs.
598 5634 671 5700 irqsrc
687 5653 714 5700 p.
732 5640 788 5701 314,
807 5639 824 5687 l.
841 5642 875 5689 23
979 5635 1013 5688 32
1035 5636 1143 5705 uidenti]
1163 5640 1196 5704 cs.
1211 5643 1231 5688 1.
1245 5637 1306 5702 ch.
1321 5643 1344 5700 9,
1361 5643 1393 5688 91'
1409 5639 1453 5704 qui
1472 5639 1539 5689 onitu
1559 5638 1680 5704 propbeta
1701 5635 1795 5686 dicitur
1817 5635 1903 5698 bodie,
1928 5635 2069 5685 vocabatur

418 5727 477 5778 olim
498 5725 585 5774 ridcns
690 5724 724 5774 33
742 5727 933 5778 carissimaell
1037 5723 1071 5775 3o
1089 5726 1189 5778 intueor
1208 5729 1290 5793 suppl.
1310 5727 1449 5778 dlonuusen
1963 5713 1965 5716 ¹
