4560 6434
420 369 483 430 370

550 536 737 606 SIDONII
754 535 1102 604 EPISTULARUM

1126 363 1209 418 hoel
1228 362 1369 418 SlHlLFS

420 642 472 700 VH
485 645 530 708 op
543 663 549 696 :
568 641 721 698 terminus.
733 641 832 710 ..poni
844 683 850 696 .
862 683 867 694 .
879 657 952 696 .nou
965 639 1091 710 potuerit
1103 638 1225 696 caritati.
1278 637 1375 693 arma.
1389 640 1467 702 18‚3:
1487 639 1570 694 finem
1588 641 1622 693 ut
1638 637 1725 693 amori
1744 639 1853 694 nullam
1866 655 1959 707 neque
1970 637 2090 692 modum

421 815 473 871 VH
483 815 546 880 aa:
565 812 617 870 sub
634 812 770 868 vanitatis
788 812 905 868 invidia.
931 811 963 878 (ί.
982 813 1056 876 lae.

1313 727 1371 782 stet
1423 766 1429 779 .

422 918 545 984 VH6,4:
564 918 597 971 ut
615 920 644 972 et
662 917 740 971 dives
758 916 804 972 hic
823 932 948 986 purpura
965 915 1105 985 byssoque
1117 916 1226 969 veletur
1278 913 1370 968 Istam
1388 913 1546 982 xvl1esp.
1561 933 1566 967 :
1586 914 1669 968 homo
1691 912 1807 983 quidam
1832 916 1893 968 erat
1917 914 2010 978 dives,
2036 915 2088 984 qui

527 1005 557 1058 et
568 1004 689 1058 Lazarus
704 1003 751 1058 hic
763 1003 904 1059 ulceribus
917 1005 946 1057 et
958 1005 1125 1073 paupertate
1143 1001 1226 1056 feria-

525 1094 581 1146 tur.

501 1213 508 1247 :
527 1195 560 1247 at
573 1235 579 1248 .
590 1234 596 1247 .
608 1237 614 1249 .
627 1193 736 1248 Pharao
749 1191 863 1246 incedat
875 1208 936 1245 cam
951 1189 1120 1255 diademate,
1139 1190 1226 1244 lsrae-

529 1279 583 1339 lita
601 1297 663 1334 cum
681 1276 811 1348 cophino.

506 1658 512 1693 ι
531 1597 602 1693 1111
616 1639 646 1692 in
664 1639 717 1692 nac
735 1639 873 1708 figuratae
891 1637 1044 1706 caupona
1056 1639 1168 1693 rotnace
1180 1637 1227 1692 ee-

530 1742 683 1794 coquimur.

505 1849 511 1883 :
531 1845 593 1884 cum
607 1827 724 1882 Ieremia
738 1827 893 1897 spiritalem
907 1827 1057 1882 Ierusalem
1070 1826 1227 1896 suspiriosis

531 1915 700 1986 plangamus
718 1912 882 1968 ululatibus.
971 1967 973 1972 ,

426 2019 479 2074 VH
489 2019 552 2083 6,8:
571 2017 712 2072 desolatis.
740 2017 775 2083 cs.
792 2017 897 2080 1111‚4.

425 2106 478 2159 VH
489 2105 551 2170 ee:
570 2103 657 2158 altius
674 2102 814 2173 inspicite.
841 2103 874 2169 cs.
891 2101 931 2157 IV
942 2104 993 2168 9‚1.

426 2191 478 2246 VH
489 2189 530 2254 7,1
544 2210 551 2244 r
570 2190 763 2262 nugigerulus.

426 2277 478 2332 VH
490 2277 553 2342 73:
572 2277 766 2338 Arvernorum,
791 2292 841 2345 pro
860 2275 946 2340 dolor,
971 2275 1099 2341 servitus,
1124 2275 1181 2344 qui,
1206 2275 1230 2328 si

529 2361 621 2433 prisca
638 2361 850 2431 replicarentur,
874 2360 1018 2415 audebant
1040 2378 1069 2414 se
1087 2359 1228 2428 quondam

529 2448 629 2502 fratres
652 2447 734 2503 Latio
758 2447 850 2502 dicere
874 2449 903 2502 et
925 2447 1064 2518 sanguine
1088 2446 1124 2500 ab
1144 2446 1229 2501 Iliaco

531 2534 649 2604 populos
667 2534 836 2604 computare.
864 2533 899 2600 cs.
918 2550 941 2589 c.
952 2532 1004 2588 VH
1018 2533 1068 2588 139
1076 2548 1114 2600 eq.

505 2639 512 2674 r
531 2619 698 2676 Seronatum
713 2619 846 2692 barbaris
851 2619 1009 2690 provincias
1022 2617 1229 2690 propinantem.

528 2707 561 2773 ef.
580 2707 668 2772 111‚1.

427 2792 550 2858 Vuae:
570 2795 675 2848 statum
695 2791 858 2846 concordiae
938 2791 1063 2847 incidite.
1090 2791 1123 2858 al
1141 2789 1228 2854 111‚4.

427 2879 551 2943 Vnae:
570 2897 622 2934 nec
639 2878 779 2948 imputate
796 2878 994 2933 maerentibus.
1020 2879 1150 2944 efiV4‚l.

427 2965 480 3020 VH
488 2967 551 3030 82:
570 2969 636 3020 suut
714 2963 953 3035 praepedimento.
980 2966 1012 3031 ef.
1030 2965 1070 3018 IV
1079 2964 1130 3029 ΞΑ.

426 3136 479 3191 VH
488 3137 551 3202 8,3:
570 3136 779 3191 exactissimam
797 3135 900 3191 virum.

426 3222 479 3278 VH
487 3223 551 3288 aa:
570 3221 743 3278 scintillasve
760 3221 1010 3278 controversalium
1032 3221 1229 3276 clausularum.

427 3395 479 3449 VH
489 3395 531 3460 ar
545 3413 551 3447 :
571 3393 723 3464 plurimum
741 3412 838 3450 vereor
855 3413 891 3450 ne
904 3395 959 3465 ipsi
971 3395 1092 3465 amplius
1105 3395 1229 3461 lectioni,

529 3497 601 3549 quae
619 3479 672 3536 hoc
690 3481 724 3536 de
742 3498 771 3536 se
789 3481 904 3552 probat,
927 3498 1012 3550 quam
1035 3481 1105 3536 mihi
1123 3482 1228 3536 credas.

428 3651 532 3718 Vnae
547 3673 554 3705 ι
572 3654 778 3724 praerogativa.
804 3655 836 3721 d.
854 3654 927 3720 113.

506 3759 513 3793 :
531 3755 613 3795 aures
692 3741 816 3796 murmur
833 3739 986 3795 everberat.
1013 3741 1047 3807 cs.
1065 3742 1143 3807 132.

426 3999 567 4063 vnan:
586 3996 723 4051 bonarum
741 3996 865 4066 partium
884 4015 980 4054 mores.
1007 3998 1040 4066 cf.
1058 3998 1148 4066 fluo.

426 4084 569 4148 VH9‚12:
587 4083 636 4137 diu
655 4082 749 4152 potius
767 4083 942 4152 quambene
960 4084 1061 4138 vivere.

427 4171 479 4225 VII
488 4170 568 4234 9,13:
587 4169 640 4223 hoc
658 4168 748 4222 solum
766 4171 868 4224 astruo.
986 4165 988 4168 ’

505 4275 512 4308 :
531 4272 594 4310 cam
612 4254 722 4308 nullum
741 4257 879 4324 proferam
892 4255 1085 4325 nuncupatim,
1103 4254 1152 4309 ille
1165 4272 1230 4309 con·

531 4342 628 4396 fitetur
645 4341 795 4411 repulsum,
813 4341 861 4409 qui
882 4342 1030 4411 profitetur
1047 4341 1188 4397 offensam

427 4516 572 4580 vualo:
595 4512 664 4568 deas
688 4515 790 4577 noster,
817 4514 866 4583 qui
891 4513 967 4569 Petri
993 4531 1061 4569 voce
1086 4513 1232 4570 damnavit

492 4607 493 4610 ’
531 4601 561 4655 in
588 4598 701 4655 Simone
728 4616 812 4670 mago
838 4617 888 4655 cur
917 4600 1080 4669 opinaretur
1108 4601 1230 4671 gratiam

530 4685 736 4742 benedictionis
755 4686 847 4757 pretio
866 4703 925 4742 sese
944 4704 1025 4757 posse
1042 4687 1167 4744 mercari.

426 4859 479 4916 VH
493 4860 554 4927 9,17
572 4878 579 4913 :
600 4859 625 4914 si
655 4859 800 4916 natalibus
832 4859 969 4916 amanda
996 4861 1153 4916 reverentia
1180 4864 1230 4928 est,

530 4943 599 5014 qaia
628 4946 658 5000 et
689 4946 739 5002 hos
768 4964 826 5003 non
855 4945 1026 5002 omittendos
1055 4946 1232 5016 evangeliste

529 5031 699 5087 monstravit
709 5033 786 5100 (nam
795 5033 883 5088 Lucas
893 5032 1085 5088 laudationem
1097 5033 1230 5088 Iohannis

530 5119 1230 5190 aggressuspraestantissimamcompatavit‚quod

531 5203 565 5258 de
590 5204 757 5260 sacerdotali
786 5205 873 5276 stirpe
897 5205 1043 5270 veniebat,
1073 5208 1103 5260 et
1127 5205 1230 5261 nobili-

531 5293 620 5348 tatem
638 5293 715 5347 vitae
733 5293 945 5364 praedicaturus
969 5293 1046 5363 prius
1069 5295 1165 5348 minen
1183 5311 1229 5349 ex·

532 5377 601 5434 tulit
618 5378 744 5438 familiae
762 5378 952 5450 dignitatem).

427 5463 479 5519 VH
489 5464 573 5528 9‚18:
597 5464 750 5522 efficaciam
773 5467 809 5520 de
838 5465 997 5532 iuventute,
1027 5465 1062 5521 de
1085 5470 1229 5523 senectute

530 5549 685 5607 consilium
712 5553 745 5618 cs.
763 5553 865 5618 Inar.
989 5611 994 5618 ,

427 5635 569 5702 vualo:
587 5634 663 5693 domi
680 5637 782 5694 habuit
799 5637 874 5694 aude
891 5635 1011 5695 disceret
1028 5660 1061 5686 =

1312 999 1484 1054 induebatur
1502 1016 1627 1069 purpura
1645 1003 1674 1055 et
1687 1000 1771 1069 bysso
1784 1042 1790 1055 .
1803 1041 1826 1057 ..
1845 1002 1880 1054 Et
1893 1004 1955 1056 erat
1967 1001 2088 1070 quidam

1312 1085 1456 1140 mendicas
1474 1085 1587 1140 nomine
1606 1086 1727 1142 Lazarus
1745 1129 1751 1142 .
1766 1129 1772 1142 .
1789 1127 1795 1140 .
1814 1087 1956 1142 ulceribus
1973 1088 2087 1157 plenus.

1280 1187 1372 1243 Genea
1385 1189 1399 1243 1
1408 1190 1485 1257 Ssqq.
1512 1189 1613 1244 Psalm.
1625 1189 1686 1254 8116
1694 1206 1730 1258 sp.
1744 1210 1750 1244 :
1770 1208 1833 1244 cnm
1851 1191 1940 1246 exiret
1960 1192 1995 1246 dc
2009 1193 2088 1246 terra

1314 1274 1438 1344 Aegypti
1524 1273 1641 1331 divertit
1663 1275 1699 1330 ab
1723 1275 1854 1330 oneribus
1875 1277 1988 1332 dorsum
2007 1279 2086 1333 eius:

1313 1361 1484 1416 manassias
1497 1361 1526 1415 in
1540 1361 1661 1432 cophino
1674 1361 1838 1416 servierunt.
1861 1363 1894 1429 a.
1909 1364 1968 1418 luc.
1982 1366 2068 1419 11114
2080 1385 2086 1418 :

1313 1447 1437 1512 Iudaeis,
1461 1465 1579 1517 quornm
1604 1448 1741 1519 cophinus
1759 1451 1928 1519 faenumque
1947 1451 2087 1520 supellex.

1312 1533 1352 1587 VI
1364 1534 1481 1602 mesa:
1501 1535 1622 1605 cophino
1647 1537 1786 1604 faenoque
1808 1535 1906 1591 relicto
1925 1577 1948 1592 ..
1970 1537 2087 1592 Iudaea

1279 1636 1391 1691 Daniel.
1407 1637 1447 1692 [Π
1458 1638 1494 1692 20
1502 1654 1539 1706 aq.
1553 1657 1559 1691 :
1580 1641 1612 1693 at
1624 1682 1630 1692 .
1643 1680 1649 1692 .
1661 1682 1666 1693 .
1679 1638 1827 1694 mitterent
1838 1657 1885 1694 eos
1900 1640 1929 1695 in
1941 1641 2088 1696 fornacem

1314 1722 1389 1793 ignis
1407 1723 1532 1778 ardentis
1549 1741 1570 1778 e.
1580 1739 1665 1792 asca.

1281 1827 1407 1882 Ieraaiae
1425 1827 1549 1883 Laeserat.
1567 1828 1629 1895 Iup.

1280 2102 1355 2155 Plia.
1366 2102 1391 2154 V
1402 2103 1462 2168 lac
1474 2122 1481 2156 :
1500 2103 1636 2158 altissime
1648 2103 1772 2173 inspexi.

1283 2188 1374 2241 Plaat.
1393 2189 1488 2244 Aedui.
1506 2190 1545 2243 111
1558 2191 1636 2252 uel:
1657 2190 1838 2258 nugigerulis.

1281 2275 1403 2328 *Leccam
1416 2276 1429 2329 1
1441 2275 1537 2342 seim.
1552 2295 1557 2328 :
1578 2275 1750 2345 Arvernique
1768 2277 1828 2332 ausi
1843 2276 1923 2330 Latio
1937 2295 1965 2330 se
1979 2277 2089 2346 fingere

1317 2362 1425 2426 iratres,
1443 2362 1581 2432 sanguine
1599 2363 1634 2416 ab
1654 2364 1740 2418 Iliaco
1758 2362 1864 2432 populi.

1281 2791 1349 2845 Hor.
1367 2808 1405 2859 ep.
1424 2791 1545 2856 114‚3e:
1564 2793 1688 2847 incidere
1707 2793 1812 2848 ludam.
1851 2793 1937 2847 Sersec.
1956 2811 1995 2862 ep.
2018 2794 2088 2858 17,1.

1281 2963 1371 3016 Paua.
1386 2962 1469 3017 Poea.
1481 2965 1521 3018 HI
1529 2966 1608 3029 2:28:
1628 2982 1662 3018 nc
1681 2964 1809 3020 fallaciae
1821 2966 2087 3035 praepedimentum

1315 3049 1463 3104 obiciatur.

1281 3137 1354 3190 Plus.
1365 3135 1432 3190 VIII
1442 3137 1521 3200 23‚5:
1541 3136 1717 3192 exstetissimo
1734 3136 1803 3192 viro.

1282 3222 1500 3293 SpnnmNHtl:
1526 3222 1681 3278 scintillare
1712 3223 1887 3280 acuminibus
1911 3228 1998 3293 atque
2023 3241 2088 3279 sen-

1316 3307 1414 3363 tentiis
1432 3307 1567 3377 epistulas
1585 3311 1649 3364 tuas
1667 3311 1785 3379 gaudeo.

1281 3394 1349 3449 Stat.
1368 3395 1424 3449 side.
1441 3397 1454 3450 1
1469 3395 1556 3464 praes.
1577 3413 1582 3448 :
1607 3395 1693 3450 timeo
1718 3413 1753 3450 ne
1776 3415 1872 3451 verum
1896 3397 1969 3452 istuc
1988 3399 2087 3451 versus

1296 3498 1428 3550 ,quoque
1446 3481 1501 3551 ipsi
1520 3481 1554 3536 de
1573 3499 1601 3536 se
1620 3482 1747 3550 probent

1281 3569 1317 3635 cs.
1335 3569 1440 3624 Aiaces.
1454 3568 1485 3622 Ε
1501 3567 1567 3623 XXI
1579 3568 1646 3634 120.
1674 3568 1738 3622 XVI
1751 3571 1800 3635 1,9.

1281 3741 1375 3796 Ploat.
1394 3741 1490 3810 Ampd.
1508 3741 1629 3806 Iam:
1649 3758 1702 3795 vox
1721 3759 1802 3796 aures
1882 3741 2017 3796 verberat.

1282 3829 1391 3882 Mean.
1401 3826 1453 3882 VH
1462 3828 1503 3883 25.
1534 3829 1640 3883 Aeson.
1654 3828 1685 3882 E
1701 3828 1751 3883 XV
1761 3831 1814 3884 28:
1833 3846 1969 3898 auresque
1993 3845 2086 3883 sermo

1317 3913 1450 3969 verberet.

1281 4086 1374 4140 Plaal.
1387 4085 1462 4140 Iria
1475 4087 1557 4154 1237
1569 4087 1624 4152 (65)
1636 4105 1641 4139 :
1656 4087 1688 4141 at
1700 4085 1749 4140 diu
1760 4086 1873 4153 vivitur,
1886 4087 1957 4142 benc
1969 4087 2086 4144 vivitur.

1282 4172 1354 4227 Ptin.
1368 4172 1510 4236 1x33‚11:
1526 4173 1663 4227 adstruas.
1689 4173 1797 4237 mae:
1810 4173 1919 4244 aliquid
1931 4173 2086 4229 adstruere.

1284 4257 1335 4314 Oia.
1353 4258 1385 4312 de
1402 4259 1463 4327 torp.
1482 4258 1531 4313 (In.
1551 4259 1644 4326 Pomp.
1664 4259 1739 4324 1337
1759 4277 1765 4312 :
1791 4258 1905 4314 nomino
1929 4259 2086 4324 nemiuem;

1318 4361 1404 4413 quare
1422 4343 1503 4398 irasci
1522 4343 1593 4398 mihi
1616 4363 1698 4400 nemo
1722 4345 1840 4416 poterit,
1865 4345 1920 4399 nisi
1943 4343 1992 4412 qai
2016 4347 2086 4400 ante

1318 4431 1353 4486 de
1370 4448 1400 4486 se
1417 4429 1540 4486 voluerit
1558 4431 1691 4486 confiteri.

1283 4519 1343 4573 Aa.
1361 4523 1445 4587 apost.
1455 4519 1521 4572 VIII
1534 4519 1566 4572 19
1574 4535 1633 4586 aa:
1651 4518 1750 4573 Petrus
1769 4520 1863 4574 autem
1882 4517 1955 4572 dixit
1971 4517 2007 4571 ad
2021 4534 2086 4572 eum

1318 4605 1386 4674 (seit.
1402 4604 1543 4659 Simonem
1562 4605 1706 4674 magaml:
1726 4605 1849 4660 Pecunia
1868 4608 1917 4659 tua
1935 4606 2029 4658 tecum
2047 4605 2088 4658 sit

1318 4690 1346 4746 in
1362 4691 1568 4762 perditionem:
1587 4691 1720 4762 quoniam
1733 4691 1837 4746 donum
1849 4691 1900 4748 Dei
1916 4690 2086 4746 existimasti

1319 4777 1439 4848 pecunia
1457 4777 1600 4848 possideri.

1283 5036 1392 5090 *Iacens
1409 5037 1458 5092 15.

1281 5641 1403 5698 *paea
1422 5641 1535 5720 neapo.
1552 5643 1593 5698 111
1604 5644 1664 5708 eac
1674 5645 1757 5725 (413).
