4732 6436
985 359 1166 417 XItUSCHII.
1844 366 1905 416 LIX

352 537 404 603 De
428 538 537 623 gratia
560 536 611 602 dai
637 560 719 626 opus
748 559 811 624 qua
838 559 881 604 ex
909 558 1008 603 causa
1031 537 1248 621 compositum
1273 536 1329 616 sit,
1360 556 1459 620 supra
1481 536 1629 622 exposui.
1674 534 1724 600 Eo
1749 536 1904 601 Gelasius

243 661 330 728 papa
361 648 543 707 commotus
572 641 701 706 videtur
728 663 817 721 esse,
847 650 884 706 ut
906 642 1021 706 Fausti
1049 641 1170 727 scripta
1198 639 1379 704 damnaret.
1428 639 1525 704 Circa
1555 660 1583 705 a.
1602 641 1665 702 520
1695 660 1768 702 cum
1800 640 1903 703 offen·

244 744 401 810 derantur
423 746 538 811 libello
562 766 600 809 eo
623 746 774 811 monachi
799 746 955 831 Scythici,
979 747 1065 810 inter
1088 765 1169 830 quos
1194 743 1360 808 eminebat
1382 744 1546 808 Iohannes
1569 742 1769 823 Maxentius,
1792 750 1901 808 utrum

247 849 361 914 Fausti
390 849 539 914 doctrina
566 850 734 936 probanda
767 859 855 915 esset
882 871 1005 931 onnon,
1041 849 1190 935 quaestio
1224 846 1508 934 Constantinopoli
1537 853 1680 912 tractata
1712 853 1773 915 est.
1818 846 1904 910 Nam

244 953 423 1018 Possessor
460 955 634 1040 episcopus
671 954 848 1020 Africanus
880 953 1165 1038 Constantinopoli
1203 953 1343 1018 exulans
1381 953 1591 1017 Hormisdam
1629 972 1749 1039 papam
1787 951 1826 1015 de
1865 952 1904 1015 iis

245 1056 424 1132 consuluit,
457 1077 539 1137 quac
565 1056 712 1121 Faustus
740 1057 873 1137 quidam
898 1059 1028 1122 nattam
1061 1055 1177 1120 Callus
1205 1056 1322 1137 Raptae
1350 1056 1489 1119 ciuitatis
1515 1057 1678 1136 episcopum
1706 1057 1743 1120 da
1772 1054 1905 1118 atauus

244 1159 338 1223 rehem
360 1163 389 1222 ot
412 1158 613 1240 frequentius
635 1160 672 1224 de
691 1160 800 1242 pratia
823 1161 874 1224 dci
895 1161 1009 1225 diserte
1030 1161 1119 1224 visam
1140 1164 1185 1223 est
1211 1159 1383 1239 disiactare.
1429 1159 1463 1224 Is
1486 1181 1515 1226 a.
1532 1163 1595 1224 520
1619 1160 1671 1224 die
1697 1162 1745 1224 13.
1763 1158 1905 1243 Augusti

245 1262 347 1348 (datie
380 1263 430 1330 cd.
465 1265 520 1328 alt.
560 1285 607 1330 nr.
636 1267 713 1349 850)
749 1265 790 1329 ad
825 1265 1054 1331 Possessorcm
1088 1265 1173 1328 inter
1207 1268 1316 1328 cetera
1355 1263 1437 1328 haec
1479 1265 1665 1350 rescripsit:
1712 1263 1800 1326 Hinc
1835 1281 1907 1324 uero

247 1367 332 1446 meod
363 1387 416 1430 uos
443 1367 480 1431 de
505 1367 625 1431 Fausti
652 1369 821 1433 cuiusdam
852 1370 941 1434 Galli
969 1369 1126 1432 antistitis
1153 1369 1248 1432 dictis
1276 1367 1470 1432 ammiduissc
1496 1366 1611 1432 litteris
1639 1367 1822 1444 iudicastis,
1854 1366 1905 1429 his

244 1472 305 1534 sihi
326 1491 511 1551 responsum
533 1471 690 1537 habeant:
715 1495 814 1556 acque
838 1474 927 1540 illium
948 1495 1048 1556 raeque
1070 1494 1266 1555 qumaqrmm,
1289 1493 1368 1553 quos
1389 1473 1425 1536 in
1446 1473 1668 1536 auctoritatem
1684 1476 1819 1551 patrum
1841 1491 1906 1534 non

243 1575 356 1654 remitit
381 1595 512 1640 manna
543 1575 715 1641 catholicae
741 1579 826 1658 fidei,
855 1583 914 1642 aut
943 1577 1170 1642 ecckmasticac
1192 1575 1380 1656 disciplima
1407 1577 1643 1658 anmipuitatem
1669 1596 1760 1656 posse
1779 1575 1906 1656 pipam-e

245 1685 304 1742 aut
325 1677 480 1760 religiosis
495 1681 737 1760 praeiudicium
760 1702 943 1762 amnparare
966 1681 1108 1766 (Migne,
1132 1681 1253 1745 Patrol.
1276 1679 1349 1744 Lat.
1374 1679 1506 1761 LXIII,
1529 1701 1560 1765 p.
1578 1681 1667 1766 490).
1712 1678 1807 1752 Quod
1831 1700 1905 1743 cum

245 1784 412 1848 monachis
436 1805 551 1869 parum
576 1785 792 1866 satisfaceret,
810 1786 977 1850 Iohannes
1001 1785 1203 1864 Maxentius,
1228 1784 1315 1848 edita
1339 1785 1549 1870 responsione
1566 1783 1607 1847 ad
1625 1784 1800 1869 epistulam
1816 1783 1904 1847 Hor-

244 1888 380 1968 misdae,
395 1889 509 1952 Fausti
531 1889 632 1953 libros
656 1895 769 1976 utpote
792 1910 857 1954 non
882 1890 1072 1968 catholicos,
1095 1891 1194 1952 immo
1221 1889 1353 1974 scriptis
1370 1888 1403 1952 S.
1421 1887 1600 1972 Augustini
1624 1894 1657 1951 et
1680 1888 1903 1972 apostolorum

244 1993 416 2056 sententiis
440 1993 621 2057 contrarios
644 1994 818 2078 castigavit
841 1993 977 2078 (Iligne,
1001 1993 1124 2057 Patrol.
1142 1992 1272 2058 Graeca
1288 1992 1478 2073 LXXXVI,
1501 2013 1532 2078 p.
1553 1990 1639 2077 112).
1685 1989 1811 2055 Eodem
1834 1990 1905 2056 fere
2002 2065 2006 2080 .

243 2101 390 2182 tempore
413 2097 563 2160 monachi
586 2097 704 2178 iidem,
735 2098 859 2162 scilicet
882 2098 1001 2163 Petrus
1025 2097 1201 2178 diaconus,
1229 2097 1409 2175 Iohannes,
1432 2095 1606 2176 Leontius,
1631 2095 1714 2160 alius
1738 2093 1902 2158 Iohannes

244 2201 410 2284 ceterique
434 2199 552 2265 fratres
576 2202 609 2264 in
633 2223 732 2265 causa
755 2201 832 2265 fidei
849 2201 987 2265 Romam
1011 2200 1136 2278 directi,
1162 2221 1235 2266 cum
1259 2201 1406 2265 libellum
1429 2199 1470 2264 de
1494 2200 1717 2264 incarnatione
1742 2205 1775 2262 et
1797 2198 1904 2281 gratia

244 2301 365 2366 domini
394 2305 498 2368 nostri
525 2303 603 2368 Iesu
632 2304 753 2370 Christi
781 2305 823 2370 sd
846 2303 1055 2390 Fulgentium
1086 2305 1233 2389 aliosque
1263 2304 1433 2389 episcopos
1457 2301 1591 2366 Africae
1620 2300 1736 2365 darent
1764 2300 1901 2386 (Migne,

243 2407 365 2472 Patrol.
388 2406 461 2472 Lat.
485 2407 592 2488 LXII,
616 2429 647 2494 p.
665 2412 735 2494 92),
767 2409 846 2474 item
875 2411 907 2474 in
931 2409 1090 2476 Faustum
1113 2409 1233 2473 invecti
1257 2414 1343 2474 sunt.
1389 2405 1729 2483 Anatltematiaamus,⁸
1743 2405 1903 2490 inquiunt,

235 2512 410 2592 manupae
439 2511 535 2576 libros
561 2512 681 2576 Fausti
711 2513 895 2578 Galliarum
922 2514 1072 2596 episcopi,
1096 2514 1213 2594 quide
1238 2511 1428 2578 morcasterio
1455 2510 1622 2575 Lirinensi
1650 2513 1817 2592 provectus
1850 2514 1904 2586 est,

241 2635 320 2696 qum
347 2620 458 2679 contra
478 2615 786 2695 maedestinationis
812 2619 1001 2682 seutentiam
1028 2617 1161 2698 scriptos
1188 2638 1253 2682 csso
1281 2635 1346 2681 non
1371 2615 1503 2679 dubium
1530 2619 1584 2678 cst.
1630 2613 1673 2676 ln
1699 2612 1815 2693 quihus
1841 2633 1905 2676 non

241 2718 342 2782 solum
365 2723 475 2782 contra
497 2719 610 2783 nanim
632 2722 772 2785 amnium
794 2727 978 2785 sanctornm
996 2726 1141 2801 patmum,
1171 2741 1278 2784 amum
1306 2720 1402 2784 etiam
1424 2723 1535 2783 contra
1556 2718 1660 2800 ipsius
1682 2716 1815 2797 apostoli
1837 2721 1904 2780 tra-

243 2823 393 2886 dit-ionem
414 2823 549 2900 venian,
572 2824 711 2888 humano
734 2824 836 2889 latiori
857 2824 1022 2906 subiungit
1043 2825 1168 2907 gratiae
1190 2824 1388 2887 udisctomum
1409 2827 1505 2903 atquc
1524 2825 1623 2886 totam
1637 2823 1763 2884 omnino
1783 2819 1904 2885 Christi

242 2947 400 2990 mutuans
425 2928 565 3008 qratiam
592 2928 740 3009 antiquos
761 2934 886 2992 sanctos
907 2949 972 2992 non
994 2949 1031 2992 ca
1053 2929 1161 3010 pratia
1182 2947 1248 3008 qua
1270 2932 1300 2992 et
1313 2947 1379 3004 nos,
1401 2926 1574 2990 secundum
1588 2925 1672 3005 quod
1687 2925 1773 2989 docet
1789 2925 1901 2988 beatis-

242 3015 343 3095 simus
370 3030 487 3095 Petmcs
514 3032 688 3114 apostolus,
718 3032 773 3096 sed
799 3037 938 3096 naturae
958 3031 1171 3112 possibilitate
1199 3031 1336 3095 salvatos
1365 3030 1460 3110 iinpt'c
1479 3030 1658 3110 propitum.
1709 3028 1902 3113 Fulgentius

242 3134 423 3220 Ruspensis
447 3137 614 3220 ceterique
638 3135 784 3221 episcopi
807 3134 956 3201 Africani
986 3137 1019 3201 in
1050 3135 1201 3202 Sardinia
1230 3136 1421 3214 exulantes,
1452 3132 1493 3197 ad
1517 3153 1597 3218 quos
1626 3132 1757 3198 libellus
1780 3133 1901 3196 missus

243 3245 308 3317 est,
343 3238 415 3304 fuse
444 3238 683 3325 respondentes
715 3239 857 3325 (Migne,
887 3239 1010 3305 Patrol.
1037 3239 1111 3304 Lat.
1141 3238 1246 3317 LXV,
1278 3260 1308 3325 p.
1327 3237 1403 3322 451)
1444 3236 1603 3301 Faustum
1640 3234 1772 3300 silentio
1806 3256 1902 3321 prae-

242 3341 418 3420 terierunt,
447 3341 567 3426 quippe
597 3341 652 3425 qui
681 3342 751 3405 eius
780 3363 880 3428 opera
902 3349 980 3408 tunc
1007 3343 1150 3407 nondum
1171 3342 1295 3427 legisse
1320 3341 1503 3407 videantur.
1550 3340 1664 3405 Fausti
1687 3339 1789 3404 libros
1812 3344 1903 3424 post-

244 3464 341 3528 quam
376 3444 526 3508 monachi
559 3445 735 3530 Fulgentio
770 3446 1007 3511 examiuandos
1040 3447 1305 3525 transmiserunt,
1340 3447 1367 3510 is
1401 3465 1476 3510 eum
1511 3449 1638 3530 septem
1668 3443 1758 3507 libris
1792 3442 1903 3506 redar-

242 3549 322 3632 guit.
368 3547 467 3612 Vitae
496 3549 582 3613 enim
615 3549 648 3614 S.
671 3549 836 3635 Fulgentii
866 3557 980 3616 auctor
1003 3551 1217 3636 (Bollandus,
1245 3551 1331 3614 Acta
1354 3549 1425 3627 SS,
1449 3547 1519 3613 Ian.
1543 3546 1570 3626 1,
1593 3569 1624 3632 p.
1641 3549 1713 3627 43);
1746 3547 1801 3610 Ita
1823 3551 1901 3624 crat,

242 3652 364 3738 inquit,
387 3651 493 3716 notior
514 3653 657 3717 mansibus
676 3654 834 3734 uentribus,
861 3659 898 3718 ut
920 3655 983 3720 duc
1006 3655 1093 3733 tihri,
1120 3675 1198 3736 quos
1220 3653 1367 3718 Faustus
1393 3651 1555 3732 manemus
1580 3648 1764 3714 Galliarum
1792 3655 1903 3714 contra

238 3757 378 3837 qratiam
399 3754 527 3820 mmdclo
549 3777 689 3820 sermone
710 3758 881 3837 omnpasm‘t
906 3757 1018 3838 saumas
1044 3758 1161 3823 occulta
1181 3756 1374 3839 Pelapa'auis,
1396 3755 1452 3820 scd
1473 3753 1646 3818 catholicus
1669 3758 1774 3817 tanmn
1795 3752 1902 3816 aolcm

240 3859 353 3936 isidori,
381 3857 652 3939 Cmcstantinmtoli
673 3859 803 3939 offcnms
819 3860 972 3944 plurimis
993 3862 1163 3942 fratribus,
1186 3862 1231 3926 ad
1256 3862 1381 3925 deatum
1402 3857 1609 3940 Fulpmtium
1630 3857 1792 3939 modendi
1820 3858 1900 3920 diri·

239 3969 396 4044 pcrcntur.
438 3964 568 4044 Quidam,
588 3985 628 4028 uc
648 3964 803 4029 acuatum
818 3971 952 4046 serperet
966 3967 1064 4043 citus,
1081 3971 1194 4046 septem
1211 3965 1300 4030 tibris
1312 3964 1474 4048 rcspmutit
1489 3962 1568 4044 plus
1583 3962 1731 4027 mhorans
1752 3982 1903 4042 caponem

240 4087 337 4146 quam
359 4067 547 4130 convincas.
593 4067 638 4131 Hi
659 4066 827 4154 Fulgentii
850 4070 887 4133 da
907 4071 1015 4152 pratia
1037 4070 1089 4132 dci
1110 4075 1139 4133 et
1162 4069 1256 4133 libero
1271 4068 1404 4132 arbitrio
1427 4066 1500 4130 iibri
1515 4067 1752 4146 responsionum
1775 4073 1899 4148 septam,

241 4190 322 4255 quos
345 4169 493 4235 Isidorus
518 4171 558 4236 de
582 4171 659 4236 viris
682 4173 725 4236 ill.
751 4193 777 4237 c.
796 4174 836 4236 27
860 4171 961 4260 (Opp.
985 4172 1035 4238 ed.
1059 4172 1220 4237 Arevalus
1243 4178 1320 4236 tom.
1336 4171 1418 4251 VII,
1441 4193 1471 4257 p.
1493 4171 1567 4251 154)
1598 4168 1726 4251 laudat,
1758 4178 1902 4235 aetatem

241 4293 306 4337 non
329 4273 485 4340 tulerunt.
530 4273 576 4338 At
600 4274 790 4340 Caesarium
815 4297 944 4361 quoquc
968 4275 1199 4342 Arelatensem
1229 4276 1348 4340 librum
1379 4274 1419 4338 de
1448 4273 1556 4359 gratia
1578 4279 1611 4337 et
1633 4273 1738 4338 libero
1763 4274 1897 4339 arbitrio

242 4383 356 4442 contra
379 4377 537 4442 Faustum
570 4381 795 4466 composuisse
835 4387 960 4446 temere
997 4381 1111 4445 statuit
1137 4379 1302 4453 Norisius,
1334 4399 1418 4464 quae
1446 4385 1556 4442 tamen
1579 4377 1703 4462 opinio,
1734 4397 1813 4441 sane
1836 4377 1900 4440 iam

241 4503 261 4544 a
283 4481 510 4546 Bollandianis
535 4482 676 4568 (iligna,
699 4483 820 4549 Patrol.
843 4485 916 4550 Lat.
940 4485 1080 4566 LXVII,
1103 4509 1134 4573 p.
1155 4487 1250 4568 1269)
1275 4483 1426 4570 explosa,
1456 4481 1562 4546 adhuc
1584 4480 1707 4567 passim
1730 4479 1900 4565 repetitur.

239 4585 362 4649 Nititur
379 4607 418 4649 ea
434 4587 506 4650 loco
524 4585 685 4651 Gennadii
701 4596 777 4673 post
792 4611 821 4652 a.
834 4592 895 4652 542
912 4590 1113 4675 interpolati:
1138 4587 1309 4654 Caesarius
1323 4584 1521 4651 Arelatensis
1534 4585 1624 4649 urhis
1639 4584 1801 4664 epmaopus
1825 4631 1832 4645 .
1846 4631 1853 4644 .
1868 4630 1876 4645 .
1891 4629 1898 4644 .

240 4691 277 4754 dc
297 4692 406 4772 pratia
428 4710 549 4772 quoquc
571 4696 601 4754 ct
621 4690 715 4757 iiheiu
730 4693 863 4758 arbitrio
879 4695 979 4758 admit
994 4695 1182 4771 testimonia,
1303 4691 1388 4773 qztod
1409 4710 1488 4770 micas
1503 4689 1598 4751 ctiam
1614 4707 1706 4767 papa
1728 4684 1823 4749 Falla
1839 4705 1900 4766 per

238 4815 332 4858 suam
352 4794 520 4875 epistulam
537 4794 696 4859 roboravit
718 4801 747 4860 et
770 4797 805 4860 in
827 4797 926 4860 latius
941 4797 1166 4878 prmaulpacit.
1205 4795 1342 4860 Floruit
1356 4794 1407 4858 hic
1423 4813 1457 4856 co
1473 4796 1607 4872 tenuiore
1621 4810 1683 4870 quc
1698 4795 1727 4852 et
1743 4789 1899 4866 Faustus,

238 4898 415 4962 Anastasio
437 4918 502 4961 rem
520 4897 683 4979 malitiaam
702 4900 904 4982 pubermmte.
950 4901 1015 4965 Hic
1042 4908 1077 4965 ut
1107 4923 1234 4966 errores
1264 4906 1311 4965 tot
1340 4899 1410 4963 fare
1440 4902 1519 4982 quot
1542 4893 1641 4958 verba
1670 4900 1760 4974 sunt,
1788 4893 1835 4957 ita
1856 4892 1897 4957 dc

240 5000 395 5066 Caesario
430 5008 545 5066 contra
573 5001 732 5067 Faustum
767 5005 930 5070 scribente
959 5005 1039 5069 nihil
1073 5005 1204 5091 legitur.
1262 5004 1340 5069 Sine
1375 5001 1474 5065 dubio
1509 5017 1690 5084 anonymus
1724 4996 1898 5061 concilium

238 5103 479 5171 Arausicanum
503 5107 666 5171 intellexit
688 5128 707 5170 a
729 5106 894 5173 Bonifatio
908 5109 933 5194 ¹)
965 5130 1052 5196 papa
1082 5109 1309 5173 confirmatum
1340 5105 1454 5191 (Cone.
1485 5103 1571 5168 Gall.
1601 5101 1675 5166 coll.
1700 5101 1732 5182 I,
1759 5122 1790 5186 p.
1810 5102 1898 5184 951).

238 5207 277 5273 Id
300 5210 407 5295 ipsum
431 5209 517 5274 enim
539 5230 568 5275 a.
582 5210 644 5273 529
661 5209 817 5276 Caesario
841 5213 1050 5298 praesidente
1074 5219 1188 5278 contra
1202 5211 1316 5277 Fausti
1339 5209 1519 5274 doctrinam
1543 5207 1584 5272 de
1609 5205 1714 5291 gratia
1737 5212 1770 5270 at
1793 5204 1899 5269 libero

238 5314 371 5379 arbitrio
394 5322 629 5400 congregatum
653 5321 714 5381 est.
767 5317 811 5381 At
840 5325 956 5383 auctor
978 5318 1102 5383 'erroris
1133 5337 1197 5381 non
1225 5316 1421 5380 nominatur.
1473 5311 1568 5377 Circa
1590 5334 1619 5376 a.
1637 5314 1699 5374 544
1723 5308 1898 5374 Facundus

343 5563 364 5628 ¹)
390 5558 469 5614 Unde
491 5575 599 5614 crucem
622 5557 709 5614 addas
728 5577 768 5614 nr.
782 5559 833 5613 876
856 5557 927 5614 Jsffe
946 5557 989 5615 ed.
1007 5558 1070 5623 alt.;
1094 5557 1128 5613 cf.
1147 5575 1188 5613 nr.
1201 5559 1261 5613 881.
1297 5555 1380 5612 Dicta
1401 5553 1438 5610 ad
1456 5572 1497 5609 nr.
1510 5554 1562 5608 875
1580 5555 1613 5606 ut
1635 5550 1756 5606 absurda
1778 5549 1898 5604 delenda

237 5651 311 5704 sunt.
347 5649 451 5719 Agitur
468 5647 543 5704 enim
562 5647 597 5704 de
615 5648 780 5718 fragmentis
798 5663 870 5718 quae
889 5647 988 5704 Petrus
1006 5646 1140 5702 diaconus
1159 5645 1298 5717 excerpsit
1316 5659 1349 5699 ex
1368 5641 1490 5713 epistula
1502 5639 1654 5697 Caelestini
1672 5654 1764 5710 papae
1781 5654 1823 5692 nr.
1836 5637 1898 5693 381.

1657 5762 1698 5822 ht
