4612 6428
887 390 1253 472 uam-mam

567 586 578 624 ⁵
609 568 814 654 ducebatque
839 567 956 634 choros
980 566 1075 632 viridi
1098 587 1200 653 propo
1224 571 1333 632 tectus
1357 569 1477 634 amictu

655 673 829 739 caeruleae
852 672 961 758 pallae
985 669 1139 736 concolor
1160 671 1234 756 ipse
1258 692 1370 748 sooer;

609 776 752 863 nympha
775 795 905 860 qnoque
928 774 961 838 in
984 773 1147 854 thalamos
1162 775 1298 839 veniens
1322 773 1363 840 de
1386 776 1517 861 gurgite
1542 776 1630 842 nuda

656 879 768 946 vestiti
791 879 901 965 coepit
922 877 1070 943 membra
1091 878 1207 943 timere
1232 877 1303 944 viri.

609 991 677 1050 tum
701 983 813 1049 divum
836 983 1032 1068 quicumque
1056 980 1172 1048 aderat
1194 989 1320 1048 terrore
1345 992 1470 1049 remoto

656 1109 720 1176 quo
744 1089 816 1174 quis
839 1087 987 1174 pollebat
1011 1086 1090 1151 lusit
1112 1086 1145 1151 in
1169 1085 1286 1152 officio.

608 1191 757 1279 Iuppiter
779 1191 890 1256 emisit
913 1189 1059 1276 tepidum
1084 1189 1155 1254 sine
1179 1189 1324 1276 pondere
1347 1191 1472 1257 fulmen

658 1303 691 1363 et
714 1295 811 1361 dixit:
837 1295 965 1360 ‘melius
989 1314 1076 1358 nunc
1101 1292 1267 1379 Cytherea
1290 1295 1396 1361 calet)

609 1398 731 1465 Pollux
752 1405 823 1463 tum
846 1403 961 1463 caestu
984 1395 1147 1476 laudatus,
1172 1393 1289 1461 Castor
1312 1385 1485 1479 habenis,

657 1502 769 1568 Pallas
793 1508 861 1566 tum
885 1500 1003 1580 cristis,
1027 1497 1125 1563 Delia
1146 1504 1216 1563 tum
1239 1498 1419 1585 pharetris;

566 1622 577 1657 Ξ»
609 1605 744 1673 Alcides
768 1607 869 1684 clava,
894 1604 1025 1668 Mavors
1049 1609 1118 1667 tum
1141 1603 1220 1667 lusit
1242 1603 1275 1668 in
1299 1603 1404 1684 hasta,
1451 1623 1453 1628 ·

658 1711 761 1775 Arcas
784 1716 853 1775 tum
876 1710 978 1794 virga,
1001 1706 1137 1774 nebride
1162 1715 1230 1773 tum
1253 1707 1416 1775 Bromius.

610 1815 664 1879 hic
688 1819 721 1878 et
742 1812 909 1898 Pipliadas
934 1810 1111 1876 induxerat
1134 1813 1278 1897 optimus
1303 1810 1458 1897 Orpheus

656 1916 798 1997 chordis,
822 1937 912 1996 voce,
937 1935 1045 1995 manu,
1069 1915 1278 1994 carminibus,
1302 1916 1446 1982 calamis.

610 2021 804 2087 ambitiosus
826 2019 958 2105 Hymen
983 2025 1068 2084 totas
1092 2019 1138 2084 ibi
1162 2019 1298 2084 contulit
1321 2024 1425 2095 artcs;

554 2141 565 2178 ²
658 2125 712 2208 qui
735 2144 799 2189 non
823 2123 965 2208 ingenio,
989 2121 1055 2186 fors
1079 2122 1202 2207 placuit
1225 2122 1332 2207 genio.

610 2227 801 2292 fescennina
823 2232 933 2291 tamen
956 2245 1021 2290 non
1045 2231 1122 2290 sunt
1144 2225 1298 2306 admissa,
1323 2227 1512 2311 priusquam

657 2332 798 2396 intonuit
821 2331 916 2395 solita
938 2335 1051 2395 nostor
1075 2330 1193 2415 Apollo
1218 2331 1298 2416 lyra.

1042 2622 1102 2686 XI.

890 2758 1255 2825 EPITHALAMIUM.

609 2862 713 2955 larun
739 2889 902 2974 Cyaneas,
926 2888 1102 2974 Ephyraea
1126 2891 1304 2971 cacumina,
1330 2897 1443 2956 cautes

610 3015 674 3080 qua
697 3014 797 3080 super
818 2991 957 3056 Idalium
982 2993 1069 3057 levat
1092 2991 1263 3079 Orithyion
1287 2993 1320 3057 in
1343 2994 1491 3060 aethram

610 3098 704 3163 exesi
728 3098 798 3161 sale
822 3096 940 3160 montis
964 3116 1060 3182 apex,
1085 3095 1139 3161 ubi
1162 3096 1247 3162 forte
1271 3104 1456 3183 vagantem,

609 3200 687 3266 dum
711 3199 805 3285 fugit,
830 3204 863 3264 et
885 3199 957 3262 fixit
979 3197 1127 3285 trepidus
1153 3199 1374 3287 Symplegada
1396 3201 1500 3287 Tifys‚

610 3312 708 3390 atque
731 3309 955 3369 recurrentem
978 3309 1140 3369 ructatum
1164 3304 1205 3369 ad
1229 3325 1328 3370 rauca
1351 3303 1493 3371 Maleam

611 3411 680 3475 exit
701 3410 734 3474 in
758 3408 974 3474 Isthmiacum
997 3410 1136 3494 pelagus
1161 3392 1390 3475 claudentibus
1414 3411 1474 3475 alis

610 3535 765 3579 saxorum
789 3512 829 3578 de
854 3534 934 3600 rupe
959 3515 1060 3594 sinus,
1084 3535 1148 3600 quo
1173 3535 1272 3601 saepe
1297 3535 1428 3580 recessu

611 3618 657 3684 sic
680 3624 846 3703 tamquam
869 3624 937 3682 toto
962 3625 1055 3684 coeat
1078 3618 1119 3684 de
1144 3619 1267 3683 lumine
1293 3619 1386 3700 caeli,

610 3726 735 3787 artatur
758 3721 897 3787 collecta
920 3721 991 3788 dles
1015 3723 1236 3808 tremulasque
1260 3744 1320 3810 par
1342 3722 1446 3788 undas

610 3827 794 3912 insequitur
816 3832 945 3892 recreta
967 3826 1053 3906 vadi,
1077 3827 1308 3892 transmittitur
1331 3827 1398 3892 alto

611 3930 762 4016 perfusus
785 3929 959 4016 splendore
984 3931 1075 3996 latex
1098 3931 1246 4016 miroque
1270 3930 1375 3996 relatu

610 4034 742 4121 lympha
765 4033 847 4098 bibit
871 4035 975 4098 solam
998 4035 1153 4120 tenuique
1179 4035 1302 4099 inserta
1325 4035 1447 4100 fluento

610 4138 756 4224 perforat
779 4138 884 4203 arenti
908 4137 999 4202 radio
1022 4140 1080 4203 lux
1104 4139 1192 4202 sicea
1215 4138 1384 4224 liquorem.

657 4241 802 4307 Profecit
826 4241 934 4307 studio
961 4243 1117 4328 spatium;
1140 4263 1215 4307 nam
1238 4243 1396 4307 Lemnius
1419 4242 1486 4307 illio

568 4385 572 4396 ·
611 4345 851 4432 contemplum
876 4346 952 4411 lusIt
967 4346 1092 4412 Venari
1115 4347 1303 4432 fulmenque
1327 4347 1516 4432 relinquens

611 4451 662 4514 hic
685 4450 893 4535 ferrugineus
916 4451 1054 4516 fumavit
1077 4471 1176 4537 saepo
1199 4449 1396 4536 Pyragmon.

611 4552 664 4617 hic
687 4552 771 4640 lapis
795 4559 855 4631 est,
879 4551 920 4618 de
943 4554 1086 4638 quinque
1110 4555 1191 4619 locis
1215 4552 1296 4618 dans
1319 4553 1463 4639 quinque
1488 4553 1622 4634 colores,

609 4655 805 4741 Aethiopus,
828 4654 978 4740 Frygius,
1000 4655 1128 4736 Parius,
1152 4656 1296 4736 Poenus,
1319 4654 1560 4736 Lacedaemon,

610 4780 804 4845 purpureus,
829 4757 953 4838 viridis,
978 4760 1172 4840 maculosus,
1197 4760 1339 4825 eburnus
1364 4766 1398 4824 at
1421 4758 1526 4824 albus.

346 4953 511 5007 deumoolor
530 4953 555 5004 P
658 4949 691 5002 10
709 4951 850 5017 quosquis
868 4950 898 5002 F
1000 4948 1032 5002 12
1050 4953 1163 5004 citharas
1180 4951 1253 5016 Μ’,
1270 4953 1382 5004 citharas
1399 4949 1439 5002 Tb
1509 4952 1578 5004 valet
1593 4950 1622 5002 F
1724 4949 1756 5002 13
1774 4951 1858 5018 pollus
1877 4948 1902 4998 P

247 5055 307 5090 oum
325 5039 354 5090 F
457 5038 490 5090 14
507 5047 523 5095 ῦ
540 5040 619 5092 tristis
637 5038 666 5090 F
768 5035 801 5088 15
819 5051 934 5088 marvors
950 5037 988 5088 0²
1092 5037 1494 5101 1611011111111),11011111101
1599 5036 1631 5088 17
1650 5037 1780 5104 Pipliadas
1797 5035 1902 5102 scripsir

243 5125 374 5192 peplindns
396 5125 471 5178 codd.
585 5123 619 5176 22
643 5126 726 5178 sonita
747 5142 772 5175 n.
796 5125 897 5191 appollo
917 5124 946 5175 F
1055 5127 1149 5192 Incipit
1171 5126 1346 5192 apitnlamium
1370 5124 1474 5175 Ruricio
1496 5131 1522 5175 et
1544 5124 1657 5176 hiberiae
1686 5124 1783 5174 dictum
1805 5123 1899 5173 arceor.

243 5211 390 5262 nebricotor
411 5213 440 5262 s'a
460 5211 494 5278 C,·
516 5213 644 5263 INCIPIT
667 5197 882 5262 1.·1Ρ1Τι1111111ἶ1
906 5213 954 5262 ΑΙ)
976 5198 1117 5263 RVRICIV
1134 5214 1178 5263 ΕΤ
1200 5212 1372 5263 IIIBERIAM
1396 5210 1531 5261 DICTVM
1554 5209 1587 5270 T,-
1610 5210 1738 5261 INCIPIT
1760 5209 1901 5259 EPITHA-

243 5284 402 5352 LanflVP:
414 5300 509 5366 Incipit
520 5297 730 5366 epitalamian
814 5299 937 5350 scrutinis
948 5298 1050 5348 initium
1062 5299 1213 5351 obscuritate
1223 5300 1331 5365 pierium
1423 5295 1595 5363 lephineaT
1676 5291 1901 5346 2orithioncodd

243 5381 262 5434 4
281 5392 308 5436 et
328 5385 386 5437 fixit
408 5387 523 5454 trepidus
547 5386 589 5450 (tr.
607 5403 663 5451 sap.
681 5385 757 5449 cers.)
779 5386 807 5435 in
826 5401 888 5448 raa,
912 5401 968 5450 sup.
991 5391 1017 5437 et
1039 5401 1088 5436 aar.
1108 5402 1154 5452 pro
1176 5387 1253 5437 etiam
1276 5385 1314 5435 T²
1392 5381 1596 5450 sympleiadsC,
1619 5381 1769 5449 simpleisda
1786 5379 1818 5445 P,
1841 5381 1900 5432 sim·

244 5469 346 5538 pleingo
363 5470 413 5521 PF
495 5470 512 5523 5
530 5490 549 5522 r.
562 5468 606 5537 rra]
626 5472 713 5523 norica
725 5471 795 5522 mala
806 5487 863 5522 eam
875 5470 904 5520 F
970 5489 992 5523 v.
1007 5475 1023 5522 5
1036 5479 1095 5522 ante
1106 5489 1129 5522 o.
1142 5477 1159 5522 4
1172 5471 1325 5537 ponendum
1343 5485 1395 5520 aare
1414 5468 1560 5533 aupicatur
1571 5467 1712 5518 Buecheler
1800 5463 1900 5518 thith-

246 5557 357 5608 miacum
379 5557 455 5621 TCF,
479 5558 666 5610 thithimincnm
687 5557 712 5607 P
815 5555 848 5607 10
870 5553 941 5622 vadi]
965 5558 1025 5609 moli
1044 5558 1073 5608 F
1174 5555 1205 5606 11
1224 5573 1260 5607 an
1278 5554 1441 5621 mirumque?
1458 5552 1528 5618 (icem
1545 5552 1636 5618 Matr)
1747 5551 1780 5604 13
1797 5554 1861 5605 arati
1878 5551 1903 5602 P

244 5642 347 5694 lieorem
365 5640 415 5706 Tb,
433 5660 517 5695 eorem
535 5645 574 5693 T*
669 5642 702 5695 14
720 5644 848 5711 lenrpnins
866 5643 917 5708 ΤΡ,
935 5645 1019 5696 lanius
1032 5644 1061 5695 F
1154 5641 1186 5694 17
1204 5644 1230 5694 hi
1244 5642 1270 5692 P
1364 5640 1396 5692 18
1415 5641 1557 5708 Aethiopus
1572 5639 1686 5691 Oolvius:
1704 5640 1829 5706 Aethiops
1846 5638 1901 5701 ΤΡ,

244 5730 379 5798 Aethyops
399 5732 445 5782 ΟΡ

1642 5828 1697 5882 29*
