4612 6428
1089 408 1225 464 SIDONII
1244 409 1442 463 CARMINUM

806 583 963 670 principis
988 583 1142 662 anterior,
1165 582 1229 647 iam
1255 583 1396 647 consulis
1420 583 1482 646 iste
1505 589 1653 647 coruscat

806 709 922 770 annus,
946 696 980 752 et
1003 688 1140 753 emerita
1162 689 1287 753 trabeis
1310 688 1497 754 diademata
1520 694 1682 754 crescunt.

806 793 971 856 incassum
997 792 1072 873 iam,
1096 790 1201 870 Musa,
1226 813 1338 878 paves,
1363 790 1450 878 quod
1474 792 1617 878 propulit
1639 793 1763 856 Auster

763 911 773 944 τ»
809 896 985 960 veteratis
1008 902 1155 970 nostrae;
1179 897 1298 981 pelago
1321 897 1397 982 quia
1420 915 1551 960 currere
1574 895 1682 961 lamae

809 1001 988 1085 coepimus,
1012 1020 1053 1064 en
1078 1000 1179 1080 sidus,
1202 999 1288 1084 quod
1311 1020 1372 1064 nos
1395 1020 1454 1085 per
1477 1000 1610 1064 caerula
1633 1006 1751 1064 servet.

859 1103 958 1169 Forte
982 1112 1076 1188 pater
1100 1125 1255 1190 superum
1278 1105 1450 1191 prospexit
1472 1104 1514 1169 ab
1538 1105 1673 1170 aethere
1696 1112 1815 1170 terras:

808 1229 884 1272 ecce
908 1208 998 1293 viget
1021 1207 1248 1294 quodcumque
1272 1207 1377 1286 videt;
1401 1208 1558 1273 mundum
1582 1231 1754 1296 reparasse

806 1312 978 1398 aspexisse
1002 1312 1077 1384 fuit;
1102 1313 1191 1376 solus
1215 1311 1304 1375 fovet
1326 1312 1434 1376 omnia
1457 1319 1567 1376 nutus.

808 1419 936 1502 iamque
960 1425 996 1480 ut
1020 1417 1215 1481 conveniant
1237 1417 1359 1504 superi,
1382 1417 1581 1502 Tegeaticus
1606 1419 1708 1482 Arcas

807 1545 893 1586 nunc
916 1522 1046 1607 plantis,
1071 1543 1155 1586 nune
1179 1522 1286 1586 fronte
1309 1522 1415 1595 volat:
1438 1522 1493 1586 vix
1516 1522 1653 1606 contigit
1676 1544 1769 1588 arra:

808 1635 841 1692 et
864 1632 932 1692 toto
956 1626 1126 1692 descendit
1149 1648 1219 1691 avo.
1267 1647 1368 1706 mare,
1391 1633 1479 1690 terra
1501 1628 1555 1691 vel
1578 1649 1635 1692 aer

807 1731 976 1817 indigenas
999 1733 1118 1796 misere
1142 1731 1232 1795 deos.
1278 1751 1432 1814 gannane
1456 1729 1623 1808 Tonantis,

808 1839 912 1923 prime
936 1838 1039 1917 venis,
1063 1835 1158 1900 viridi
1182 1837 1237 1921 qui
1260 1833 1385 1899 Dorida
1407 1834 1531 1901 findere
1555 1857 1653 1901 curru

767 1983 771 1992 ·
812 1948 926 2006 suetus
949 1942 983 2006 in
1007 1942 1146 2006 attonita
1169 1940 1296 2026 spargis
1321 1941 1386 2004 cito
1409 1945 1502 2025 terga
1525 1938 1694 2014 serenum}

809 2052 959 2110 umentes
983 2044 1154 2131 Nymphas
1177 2043 1301 2108 Porcus
1326 2043 1499 2108 comitatur
1522 2044 1633 2129 ibique

809 2153 956 2236 glaucus,
980 2149 1116 2226 Glauce,
1142 2150 1242 2226 venis,
1266 2154 1376 2212 vatum
1401 2154 1435 2212 et
1458 2149 1640 2212 certissime
1664 2147 1796 2225 Proteu,

810 2261 917 2319 certus
941 2275 1024 2320 eras.
1070 2254 1168 2337 longo
1190 2253 1326 2316 veniunt
1348 2259 1424 2337 post
1447 2252 1559 2317 ordine
1583 2250 1662 2316 diri:

809 2359 1002 2446 pampineus
1024 2356 1134 2434 Liber,
1158 2354 1248 2420 Mars
1271 2363 1356 2434 trux,
1380 2355 1572 2442 Tirynthius
1595 2355 1710 2434 hirtus,

812 2462 900 2528 nude
916 2461 1041 2542 Venus,
1064 2459 1207 2526 fecunda
1229 2460 1343 2540 (leues,
1366 2460 1556 2546 pharetrata
1578 2459 1696 2538 Diana,

810 2567 894 2630 Iuno
918 2567 1039 2651 gravis,
1063 2564 1207 2652 prudeus
1229 2564 1352 2643 Pallas,
1378 2565 1494 2629 turrita
1518 2563 1663 2650 Cybebe,

812 2672 971 2735 Saturnus
996 2671 1166 2756 profugus,
1191 2690 1276 2754 vaga
1299 2667 1450 2754 Cynthia,
1474 2669 1627 2732 Phoebus
1652 2667 1810 2753 ephebus,

810 2776 879 2839 Pan
903 2775 1052 2861 pavidus,
1076 2774 1181 2838 Fauni
1204 2772 1312 2858 rigidi,
1337 2772 1445 2858 Satyri
1467 2775 1663 2858 petulantes.
1868 2773 1869 2776 ’

811 2899 997 2943 convenere
1022 2879 1121 2941 etiam
1146 2878 1274 2942 caelum
1298 2877 1418 2940 virtute
1440 2882 1606 2942 tenentes:

814 2983 933 3046 (laetor
956 3003 1051 3067 equo,
1075 2981 1195 3045 Pollux
1219 2987 1343 3060 caestu,
1366 2979 1522 3046 Perseius
1545 2981 1658 3067 harpe,

815 3087 950 3151 fulmine
967 3085 1148 3165 Vulcanus,
1171 3084 1296 3170 Tiphys
1320 3091 1401 3165 rate,
1424 3091 1523 3169 gente
1547 3083 1712 3158 Quirinus.

810 3191 881 3275 quis
907 3194 1003 3252 canat
1026 3187 1080 3252 hic
1102 3188 1211 3251 aulam
1236 3189 1330 3268 caeli,
1355 3188 1522 3251 rutilantia
1545 3189 1636 3252 euius

811 3296 882 3379 ipsa
904 3293 1126 3379 pavimentum
1152 3299 1227 3356 sunt
1250 3292 1379 3356 sidera?
1417 3293 1482 3356 iam
1506 3298 1602 3378 pater
1624 3313 1725 3356 aureo

810 3398 1006 3482 tranquillus
1031 3417 1105 3461 sese
1130 3398 1211 3460 solio
1236 3397 1332 3471 locat,
1357 3396 1432 3459 inde
1455 3397 1582 3480 priores

812 3500 992 3566 consedere
1016 3500 1068 3564 dei
1093 3501 1214 3585 (fluviis
1238 3521 1366 3584 quoque
1391 3501 1528 3584 contigit
1552 3499 1617 3580 illo,

812 3606 870 3670 sed
894 3605 1038 3685 senibus,
1063 3603 1208 3669 residere
1232 3606 1313 3680 loco,
1337 3605 1407 3684 tibi,
1432 3605 1575 3669 maxime
1598 3604 1698 3669 fluctu

811 3710 955 3774 andane
978 3716 1012 3772 et
1036 3707 1127 3773 flavis
1151 3709 1185 3771 in
1210 3710 1328 3795 pocula
1350 3709 1454 3772 fracte
1480 3707 1670 3790 Sicambris,

812 3815 928 3879 Rhene
952 3820 1083 3877 tumens
1109 3811 1329 3897 Scythiaeque
1353 3813 1447 3898 ragis
1471 3813 1616 3897 equitate
1640 3813 1779 3876 catervis

811 3920 927 3983 Hister
951 3924 984 3982 et
1006 3917 1152 4002 ignotum
1177 3917 1251 4002 plus
1276 3915 1491 3996 notus,·Nile,
1515 3938 1576 4001 por
1598 3917 1734 4000 ortum):

768 4039 779 4072 τ’
814 4043 887 4086 eum
910 4022 1025 4106 procul
1049 4026 1159 4084 erecta
1182 4020 1266 4084 caeli
1288 4020 1329 4084 de
1353 4026 1446 4104 parte
1472 4020 1623 4084 trahebat

812 4127 923 4213 pigros
946 4125 1051 4190 Roma
1073 4125 1206 4209 gradus,
1231 4131 1365 4187 curvato
1389 4145 1511 4188 cernua
1535 4125 1619 4187 eollo

814 4252 871 4294 ora
895 4223 1023 4308 terens}
1046 4231 1192 4317 pendent
1216 4231 1323 4295 crines
1347 4230 1388 4294 de
1412 4230 1545 4310 vertice,
1569 4229 1646 4293 teeti

814 4337 961 4422 pulnere,
986 4356 1051 4400 non
1075 4337 1181 4420 galea,
1206 4335 1394 4420 clipeusque
1418 4335 1597 4420 inpingitur
1619 4335 1728 4419 aegris

812 4442 994 4527 gressibus,
1019 4447 1053 4507 et
1075 4441 1215 4528 pondus,
1240 4462 1304 4504 non
1327 4448 1431 4505 terror
1452 4440 1556 4506 fertur
1578 4441 1610 4505 in
1634 4440 1739 4506 hasta.

758 4561 783 4598 ⁵⁰
815 4553 916 4632 utque
939 4546 986 4632 pii
1010 4546 1150 4631 genibus
1174 4546 1315 4632 primum
1340 4552 1390 4610 est
1413 4545 1528 4609 adfusa
1550 4545 1742 4636 Tonantis,

814 4656 949 4731 “testea
974 4656 1088 4715 sancte
1110 4648 1263 4735 parens”,
1288 4650 1402 4735 inquit,
1427 4655 1481 4714 “te
1505 4671 1626 4715 numen
1650 4657 1683 4714 et
1706 4649 1797 4731 illud,

813 4754 967 4840 quicquid
991 4755 1098 4819 Roma
1120 4753 1183 4818 lui:
1207 4775 1332 4819 summo
1358 4755 1436 4819 satis
1461 4754 1578 4819 obruta
1602 4754 1668 4818 tato

773 4889 863 4896 ,-.-.-.

555 4966 586 5016 12
606 4968 733 5034 principes
747 4966 781 5018 0¹
890 4961 923 5015 13
940 4981 988 5016 oar.
1002 4963 1035 5014 M
1138 4964 1169 5017 14
1188 4966 1294 5034 protulit
1311 4964 1344 5014 M
1446 4964 1478 5015 iti
1498 4981 1530 5016 sn
1547 4963 1587 5014 T·
1604 4974 1628 5017 et
1645 4966 1736 5016 lteram
1754 4981 1787 5016 cn
1805 4981 1862 5032 sap.
1881 4982 1931 5016 acr.
1950 4963 1990 5016 Tb
2060 4983 2106 5032 per

448 5069 497 5103 om.
516 5052 545 5105 F
647 5051 680 5104 18
703 5055 802 5106 videret
820 5052 848 5105 F
949 5049 984 5103 20
1006 5054 1131 5120 tegetieus
1149 5053 1222 5103 codd.
1293 5052 1384 5104 archas
1402 5051 1491 5110 coda·
1512 5053 1567 5103 alea
1586 5050 1748 5119 Bitsclrosaly
1852 5050 1883 5103 21
1905 5052 1993 5102 fronde
2017 5051 2110 5102 TUFP

449 5136 483 5188 22
501 5139 664 5191 discenditP
771 5137 805 5190 23
822 5139 995 5190 indineuasP
1063 5139 1156 5191 deoM
1266 5138 1300 5189 24
1319 5138 1410 5189 orraF
1476 5139 1596 5190 doricaC
1663 5155 1741 5191 cursu
1755 5137 1786 5202 P,
1804 5155 1883 5189 crrrvo
1897 5137 1927 5187 M
1935 5138 1953 5202 ¹,
1971 5137 2107 5190 curroM²

445 5222 480 5275 25
503 5234 590 5278 suetos
609 5227 642 5278 M
735 5228 849 5279 antonita
868 5227 894 5278 P
1026 5225 1060 5278 26
1083 5229 1171 5279 hircus
1190 5226 1221 5276 M
1315 5227 1412 5293 ubique
1431 5226 1476 5277 Fe
1608 5223 1641 5276 27
1665 5234 1691 5278 et
1714 5243 1762 5276 orn.
1780 5224 1809 5275 F
1905 5225 2013 5290 prothea
2031 5223 2106 5274 codd.

445 5309 479 5360 28
502 5311 599 5380 langue
621 5313 646 5364 Τ
731 5315 775 5364 diu
794 5313 823 5363 F
940 5312 971 5364 31
997 5315 1108 5381 cybebes
1126 5314 1158 5377 P,
1181 5314 1284 5380 cybeles
1303 5313 1336 5376 F,
1359 5314 1454 5365 cibclcs
1475 5313 1503 5376 (l,
1527 5314 1631 5380 cybeles
1655 5312 1683 5376 T,
1707 5311 1789 5363 cibelo
1807 5310 1840 5361 M
1955 5308 1991 5361 32
2011 5311 2104 5376 phebe·

445 5397 596 5464 plrebusque
609 5398 641 5448 M
742 5398 776 5451 34
795 5401 872 5452 etiam
890 5418 938 5451 oar.
957 5401 995 5450 T·
1099 5398 1133 5450 35
1152 5401 1212 5467 oqui
1229 5399 1262 5448 M
1330 5401 1365 5450 sio
1384 5400 1467 5462 codol,
1485 5400 1530 5450 aed
1547 5417 1607 5466 arpa
1625 5399 1730 5462 rtur,-
1747 5399 1841 5450 Pollux
1860 5405 1955 5460 caestu,
1974 5397 2107 5447 Danaeius

445 5484 524 5551 harpe
543 5485 715 5549 llrclamomita,
732 5495 820 5539 caestu
838 5488 965 5554 Polluces,
983 5491 1093 5540 Perseus
1111 5489 1189 5554 harpe
1208 5485 1260 5536 Leo
1363 5485 1397 5538 36
1415 5487 1521 5538 flumine
1540 5487 1568 5536 F
1665 5483 1700 5536 39
1718 5486 1781 5536 solio
1800 5503 1848 5535 mir.
1861 5484 1890 5534 F
1987 5480 2023 5532 42
2041 5483 2107 5533 heri·

446 5570 512 5620 done
530 5569 616 5633 MCF,
638 5571 768 5624 heridiane
787 5573 812 5624 P
927 5572 961 5626 43
980 5577 1065 5641 equite
1083 5574 1117 5625 M
1229 5571 1264 5622 44
1282 5582 1341 5624 note
1359 5574 1418 5640 plus
1435 5572 1488 5624 Leo
1605 5569 1640 5623 dl»
1658 5578 1726 5623 ercet
1742 5571 1775 5622 M
1778 5578 1792 5607 ⁸
1909 5567 1943 5620 46
1961 5577 2067 5620 curvata
2083 5567 2112 5619 F

445 5653 478 5707 47
497 5655 639 5724 pindentP
697 5659 780 5711 crines
798 5678 846 5713 oar.
861 5661 893 5711 M
985 5659 1021 5712 48
1033 5663 1140 5714 volvere
1152 5660 1183 5725 P,
1201 5660 1308 5712 vrrlnero
1326 5660 1375 5712 TF
1437 5662 1562 5730 inpigitur
1575 5661 1600 5712 P
1694 5657 1729 5710 50
1741 5660 1789 5728 piis
1803 5659 1827 5709 T
1919 5656 1951 5708 at
1972 5673 2065 5708 nonren
2078 5656 2111 5706 M

446 5742 480 5796 52
504 5741 582 5810 roma]
602 5761 693 5798 nomen
714 5745 762 5796 M⁸
834 5749 883 5801 luit
903 5749 943 5801 0·
