4732 6436
1002 389 1183 447 KRUSCHII.
1820 401 1918 452 nxvn

251 559 333 640 ferte
359 565 524 641 pereunte.
577 561 610 626 A
638 581 700 643 quo
728 561 862 628 camme
893 563 1102 646 ecperpefacti
1133 566 1190 646 qui
1220 566 1356 632 aderam
1398 569 1594 650 interropaat
1630 569 1709 651 quid
1739 570 1795 634 boc
1828 575 1914 635 esset.

253 663 432 744 Bosporumt
453 663 523 729 ille:
550 665 722 730 Ausonius
743 666 867 730 amman
893 687 982 730 meon
1004 689 1076 732 cum
1097 667 1287 749 Papianilla
1315 671 1461 754 eoniupe,
1489 693 1567 754 quos
1595 673 1670 738 olim
1690 673 1848 754 interfeci,
1872 674 1917 738 ad

253 767 414 833 iudicium
439 790 488 834 mc
515 770 710 834 arcessebant
743 769 898 834 diceutes:
927 769 1006 835 Veni
1026 773 1071 835 ad
1091 772 1356 853 respondendum,
1385 775 1464 857 quia
1485 781 1680 862 causaturus
1701 798 1733 842 cs
1754 777 1916 842 uobiscum

254 891 360 936 coram
383 871 530 938 Domino.
576 873 650 938 Zela
672 874 756 938 cuim
778 873 895 938 duetus
926 880 1000 939 ante
1028 896 1131 940 anuos
1162 875 1286 958 aliquos
1319 878 1479 960 cauiupem
1500 879 1695 944 imaoceutem
1717 881 1917 962 amicumque

249 976 433 1056 perimeret.
486 977 592 1058 [pitur
618 977 836 1043 accedentibus
866 979 1018 1062 episcopis
1050 980 1094 1044 ad
1123 980 1315 1044 antedictam
1343 981 1465 1060 urban,
1501 1003 1573 1048 cum
1606 989 1776 1065 strepentes
1804 984 1918 1066 populi

254 1080 439 1146 seditionem
459 1080 544 1161 ferre
558 1101 623 1146 uon
631 1083 767 1162 possint,
790 1103 861 1146 eum
875 1084 912 1146 in
927 1082 1038 1148 eclesia
1052 1083 1163 1148 abdire
1182 1082 1357 1162 aduerunt,
1379 1085 1497 1150 scilicet
1513 1092 1667 1168 ponentes
1685 1109 1755 1152 eum
1777 1089 1814 1152 in
1836 1109 1914 1153 arca

254 1190 285 1248 ct
306 1185 440 1266 desuper
460 1187 630 1250 sternentis
650 1186 842 1264 uestimenta,
865 1206 947 1267 quac
968 1191 1060 1252 aaut
1081 1189 1126 1252 ad
1147 1209 1242 1252 mum
1263 1187 1423 1274 aeclesiae.
1464 1189 1608 1271 Populus
1627 1197 1733 1256 aretem
1755 1194 1916 1275 ananan

250 1295 532 1372 perscrutatusque
553 1290 722 1355 uniuersus
743 1289 871 1356 ansae
893 1289 1041 1372 ampulas,
1069 1312 1141 1356 curn
1161 1291 1246 1356 nibil
1266 1293 1490 1374 repperissent,
1517 1293 1667 1375 frameis
1689 1296 1913 1378 cprediebatur.

256 1394 348 1458 Tunc
374 1415 461 1458 untrs
482 1415 521 1458 en
543 1394 721 1474 suaricmuc
743 1393 868 1459 locutus
893 1396 959 1460 ait:
988 1395 1044 1459 En
1065 1416 1189 1474 arcam,
1212 1397 1335 1478 inqua
1357 1418 1422 1462 uon
1443 1403 1489 1462 est
1510 1399 1686 1480 inquisitus
1708 1401 1913 1466 aduersarius

253 1502 368 1562 noster.
414 1497 603 1563 Diceutibus
624 1518 694 1562 vero
721 1498 898 1564 costodibus
923 1498 1008 1562 nibil
1035 1500 1071 1564 iu
1100 1521 1137 1564 ea
1163 1499 1256 1564 alind
1281 1501 1349 1564 nisi
1374 1507 1561 1566 ornamenta
1588 1501 1716 1567 eclesiae
1745 1508 1913 1583 centenae,

258 1600 308 1664 illi
333 1600 450 1666 emnem
469 1601 633 1683 postolant
660 1602 798 1666 aientes:
827 1602 905 1666 Nisi
930 1605 1145 1670 reseraveritis
1171 1603 1319 1683 commus,
1349 1605 1414 1687 ipsi
1440 1626 1509 1670 eam
1536 1612 1645 1687 sponte
1672 1606 1912 1689 confriupemus.

255 1702 410 1786 Denique,
430 1710 571 1770 resecta
586 1726 674 1782 area,
694 1705 809 1770 anatis
825 1704 1070 1787 linteaminibus,
1086 1708 1248 1773 inuentum
1263 1710 1436 1774 extrahunt
1446 1709 1636 1794 plaudentes
1651 1716 1746 1792 atam
1760 1711 1913 1776 anema:

256 1808 408 1872 Tradidit
423 1807 514 1873 Daca
528 1809 694 1878 inimicum
709 1814 853 1874 nostrum
867 1811 903 1874 in
918 1811 1066 1876 manibus
1080 1812 1205 1876 nostris.
1246 1812 1338 1878 Tmtc
1352 1813 1514 1879 caedentes
1528 1835 1600 1878 cum
1614 1814 1737 1896 pupnis
1750 1814 1915 1896 sputisque

247 1917 485 1994 perurpueutrs,
508 1913 623 1977 uinctis
638 1918 822 1994 postcrpnm
843 1914 1005 1992 amnibus,
1029 1915 1074 1979 ad
1094 1914 1267 1981 colamnam
1293 1916 1455 1998 lapidibus
1477 1919 1658 1983 obruerunt.
1703 1917 1785 1982 Fuit
1806 1924 1913 1983 amera

254 2015 291 2080 iu
317 2016 395 2079 cibis
421 2015 510 2079 valde
536 2036 649 2093 aaran,
679 2017 735 2080 scd
755 2037 837 2098 qnae
862 2017 1017 2096 sumebat,
1047 2039 1109 2100 quo
1131 2017 1284 2084 meletius
1311 2020 1356 2084 ad
1379 2020 1639 2085 manducandum
1661 2026 1910 2099 commoneretur,

253 2125 378 2201 sumpto
399 2119 476 2198 aloe,
499 2119 643 2186 nabata
665 2121 838 2204 diperebat;
859 2121 915 2186 sed
935 2127 964 2186 et
986 2122 1146 2202 strepidus
1165 2123 1283 2186 connis
1304 2122 1420 2204 absque
1439 2123 1508 2188 nlla
1529 2124 1715 2188 auditarum
1738 2125 1913 2190 rmereutia

254 2223 291 2286 in
306 2223 434 2305 publico
456 2225 621 2290 amittebat.
666 2224 736 2290 Hoc
758 2245 829 2308 erpo
852 2225 941 2290 cuitu
963 2231 1197 2292 consummatus
1218 2226 1351 2290 interiit.
1395 2226 1491 2293 Alter
1506 2227 1630 2293 Ruricii
1653 2248 1756 2314 nepos
1778 2229 1855 2293 aviti
1880 2236 1914 2293 et

254 2331 393 2394 nominis
424 2335 457 2395 et
485 2331 695 2417 episcopatus
726 2331 823 2396 heres
852 2336 939 2395 teste
962 2331 1141 2396 Fortunato
1166 2330 1199 2397 S.
1216 2330 1308 2396 Petri
1331 2331 1508 2397 ecelesiam
1531 2331 1683 2398 condidit.
1728 2330 1825 2396 Anno
1849 2333 1912 2396 535

254 2435 392 2498 concilio
406 2433 619 2516 Arvernensi,
643 2456 672 2500 a.
687 2438 745 2498 541
765 2433 999 2501 Aurelianeusi
1015 2433 1064 2500 IV
1086 2435 1252 2512 interfuit;
1275 2457 1303 2502 a.
1318 2440 1380 2501 540
1404 2436 1636 2502 Aurelianensi
1653 2435 1684 2500 V
1706 2435 1913 2501 Bantaredus

254 2538 501 2603 archidiaconus
525 2558 584 2625 pro
608 2559 647 2604 eo
671 2539 875 2625 subscripsit.
921 2538 1023 2604 Ouius
1046 2539 1132 2604 filius
1156 2538 1310 2605 Ruricius
1333 2539 1439 2604 iunior
1462 2539 1570 2624 fuerit,
1593 2561 1658 2604 non
1682 2547 1817 2608 constat.

362 2641 570 2707 Ruriciorum
594 2648 733 2708 stemma
756 2642 920 2709 delineari
943 2644 1063 2711 hocce:

771 2885 790 2919 x
949 2869 1094 2922 ommatius

485 2935 1033 3040 as-LA

635 3044 761 3096 mondus
777 3044 898 3095 Ruricius
911 3045 923 3094 I
940 3066 961 3090 υ
982 3042 1067 3094 Iberia

658 3211 1242 3243 n—————--—·u

655 3253 798 3305 ommatius
833 3251 976 3320 Epcrchius
994 3251 1160 3304 Conamndus
1177 3250 1231 3300 tilis
1248 3272 1268 3294 υ
1285 3248 1407 3314 Agricola

719 3427 840 3479 Ruricius
857 3427 883 3477 11
901 3439 981 3492 nepos
1172 3421 1328 3473 Parthenius
1347 3445 1367 3468 υ
1384 3421 1527 3488 Papianilla

1347 3611 1366 3661 Y

362 3785 413 3851 De
444 3793 638 3873 argumento
667 3786 896 3873 epistularum,
931 3807 1014 3871 quae
1043 3783 1085 3849 ad
1108 3785 1207 3848 vitam
1230 3781 1355 3847 Ruricii
1385 3781 1614 3868 explicandam
1644 3804 1707 3847 non
1734 3784 1910 3869 pertinent,

254 3909 360 3976 panca
381 3889 510 3957 addam.
556 3893 740 3976 Pleraeque
763 3890 875 3955 ‘officii
898 3887 1050 3977 paginae’
1075 3889 1121 3975 (p.
1136 3889 1210 3968 273,
1227 3887 1282 3971 23)
1308 3892 1393 3966 sunt,
1416 3892 1453 3949 ut
1469 3883 1582 3950 Sodali
1597 3885 1667 3952 ΕΑ.
1686 3887 1733 3980 Χ,
1752 3887 1806 3952 vel
1822 3907 1909 3952 com-

252 3993 485 4076 mendaticiae,
513 3994 583 4061 sive
606 3994 738 4060 Ruricio
766 3994 916 4059 homines
944 3993 1135 4060 laborantes
1160 3989 1486 4070 commendabantur,
1517 3996 1554 4055 ut
1576 4012 1597 4055 a
1617 3989 1742 4056 Fausto
1766 3991 1836 4058 uA.
1861 3991 1912 4057 IV
1974 4081 1976 4084 Ι

253 4099 281 4162 is
310 4099 367 4180 qui
396 4099 434 4163 iu
459 4099 669 4182 hadumarus?
693 4097 832 4180 pennu
859 4097 1073 4178 captiuitatem
1104 4093 1150 4182 (p.
1173 4092 1333 4180 27013),
1367 4092 1437 4159 ΕΑ.
1461 4091 1492 4158 V
1520 4093 1709 4160 Florentius
1738 4095 1911 4181 presbyter

253 4200 300 4288 (p.
321 4205 394 4285 270,
407 4201 478 4289 38),
507 4203 591 4268 alius
613 4225 634 4268 a
656 4202 825 4268 Victorino
852 4200 922 4266 ΕΑ.
938 4199 1023 4280 VII,
1052 4201 1121 4265 sive
1151 4200 1223 4285 ipse
1251 4199 1365 4263 amicis
1395 4198 1479 4262 tales
1510 4197 1766 4280 commendavit,
1796 4199 1911 4284 quales

254 4311 329 4370 suut
350 4305 451 4373 Ulfila
474 4307 519 4392 (p.
536 4309 610 4388 316,
623 4307 689 4392 30),
725 4305 831 4372 Ursus
862 4310 896 4370 et
922 4303 1102 4390 Lupicinus
1132 4303 1176 4389 (p.
1197 4301 1351 4386 321,20),
1382 4300 1476 4366 Baxo
1500 4302 1544 4387 (p.
1568 4303 1641 4384 329,
1661 4302 1733 4386 23),
1768 4301 1908 4388 Magnus

253 4409 388 4496 (pall,
406 4411 468 4495 13),
492 4409 679 4475 Maxentius
702 4410 875 4496 presbyter
897 4407 943 4496 (p.
960 4408 1113 4491 347,17),
1137 4414 1173 4472 ut
1189 4427 1247 4472 eos
1268 4405 1461 4471 adiuvarent
1477 4407 1672 4492 veniamque
1695 4408 1908 4493 peccantibus

251 4513 376 4580 darent.
419 4513 538 4579 Curam
554 4517 631 4600 egit,
655 4520 692 4579 nt
715 4513 864 4578 homines
881 4511 1031 4579 Censorii
1055 4511 1202 4598 episcopi
1226 4515 1260 4576 et
1281 4531 1302 4575 a
1324 4508 1473 4575 custodia
1494 4508 1711 4575 liberarentur
1734 4518 1768 4576 et
1790 4531 1909 4596 porcos

253 4619 391 4684 amissos
407 4619 593 4706 reciperent
609 4618 654 4704 (p.
668 4621 741 4700 345,
754 4621 820 4702 24).
857 4614 955 4682 Celso
972 4617 1161 4683 vitrearium
1179 4616 1224 4702 (p.
1241 4616 1315 4694 307,
1329 4615 1373 4696 6),
1397 4613 1556 4699 pictorem
1573 4612 1758 4678 Ceraunios
1776 4613 1821 4698 (p.
1835 4615 1909 4696 323,

253 4722 308 4807 32)
331 4723 478 4790 tradidit.
521 4723 651 4810 Equum
674 4726 805 4809 praeter
829 4720 988 4786 Sebatum
1012 4709 1112 4786 eliam
1137 4718 1255 4784 Celsus
1278 4717 1446 4783 aRuricio
1467 4717 1596 4803 accepit
1612 4717 1656 4804 (p.
1671 4719 1743 4796 307,
1757 4717 1824 4803 39).
1869 4716 1908 4782 In

252 4827 324 4892 aliis
346 4827 496 4914 epistulis
519 4827 560 4892 de
584 4826 751 4892 codicibus
774 4822 1036 4890 transmittendis
1059 4824 1112 4888 vel
1136 4819 1480 4907 transmissis'agitur.
1525 4820 1722 4886 Taurcntius
1745 4819 1815 4886 ΡΑ.
1824 4820 1910 4885 VIII

252 4931 368 5000 librum
388 4931 564 5017 Augustini
586 4929 627 4994 dc
649 4929 780 4994 civitate
796 4927 850 4994 dei
867 4929 1076 4994 chartaceum
1091 4926 1267 5013 legandum
1283 4933 1381 5013 atqua
1396 4923 1680 4990 transcribendum
1704 4922 1750 5011 (p.
1766 4927 1840 5005 272,
1851 4924 1908 5011 37)
1998 4943 1999 4948 ’

251 5034 381 5100 Ruricio
408 5035 527 5100 obtulit
551 5034 658 5119 isque,
682 5039 720 5097 ut
741 5032 870 5123 librum,
895 5033 980 5098 sicut
1001 5031 1206 5118 promiserat,
1230 5031 1381 5096 celeriter
1403 5030 1565 5108 mitteret,
1588 5028 1717 5114 rogavit
1740 5027 1794 5114 (R.
1809 5028 1844 5093 II
1859 5033 1908 5112 17,

252 5161 281 5226 p.
300 5141 373 5220 327,
386 5139 452 5222 35).
490 5135 531 5203 Εἰ
546 5137 707 5203 Bassulns
724 5137 897 5223 spiscopus
913 5135 1016 5200 libros
1032 5134 1244 5220 praestiterat
1254 5133 1324 5200 ΕΑ.
1334 5132 1401 5197 VII
1417 5132 1462 5218 (p.
1476 5129 1622 5213 30412),
1636 5131 1707 5217 ipse
1723 5131 1908 5218 Nepotiane

252 5244 444 5330 presbytero
461 5242 607 5308 codicem
620 5241 739 5306 Hilarii
755 5239 972 5305 Pictaviensis
988 5238 1133 5325 episcopi
1149 5237 1313 5323 aliumque
1330 5235 1512 5301 transmisit
1525 5233 1662 5314 uavl,
1684 5233 1814 5300 Fredae
1830 5256 1908 5302 vero
1970 5303 1976 5313 ,

251 5347 394 5413 abietum
417 5347 548 5434 plantas
571 5345 615 5432 (p.
633 5343 789 5429 306,13).
833 5343 1023 5408 Permultae
1045 5341 1207 5428 epistulas
1231 5342 1405 5426 coquinam
1428 5339 1567 5425 sapiunt.
1614 5337 1806 5404 Constantio
1829 5339 1908 5424 filio,

250 5452 304 5536 qui
333 5451 418 5537 patri
445 5471 524 5516 aves
553 5449 703 5530 dederat,
736 5454 848 5532 tergus
879 5467 1040 5533 aprunum
1070 5445 1213 5511 remisit:
1243 5450 1294 5524 ut,
1324 5443 1442 5530 inquit,
1468 5441 1545 5506 dum
1572 5439 1798 5508 ambulatilia
1826 5463 1910 5524 qrcoe

247 5555 456 5620 transmisisti
478 5553 674 5630 deliciamur,
702 5556 739 5616 tu
761 5552 868 5633 bipede
889 5551 927 5616 dc
948 5549 1153 5632 omnimode
1170 5547 1262 5634 facto
1283 5547 1412 5613 satieris
1434 5545 1489 5631 (R.
1511 5543 1546 5608 Π
1570 5545 1637 5628 43).
1688 5544 1908 5612 ‘Doranoniae

251 5658 365 5744 spolia'
393 5657 563 5745 Hispanus
591 5655 638 5743 (p.
661 5658 734 5738 343,
751 5659 800 5741 3),
832 5655 988 5722 Rusticus
1017 5653 1227 5742 ‘piscationis
1256 5654 1290 5718 in
1311 5651 1432 5718 Visera
1459 5647 1606 5716 delicias’
1636 5649 1680 5736 (p.
1704 5655 1778 5734 346,
1791 5654 1846 5738 27)
1877 5652 1908 5715 ei

1669 5784 1699 5838 ¹0
