4560 6434
813 397 896 452 uoci
914 396 1058 452 SIMILES
1078 396 1280 453 AUCTORUM
1299 397 1445 454 SIDONIO
1464 397 1721 454 annurtlouuu.

698 573 781 635 Statii
804 573 894 634 silvae
916 593 973 635 rec.
998 572 1104 638 Aemil.
1128 574 1289 636 Baehrens.
1336 574 1404 652 Lps.
1432 575 1524 636 1876.
1614 629 1624 650 ,

732 723 744 751 ,
797 675 937 738 Achilleis
960 683 989 737 et
1010 676 1140 738 Thebais
1163 697 1220 738 rec.
1244 678 1299 740 Ph.
1323 677 1504 739 Kohlmann.
1550 676 1619 756 Lps
1647 677 1825 738 1879-81.

696 778 867 859 Symmachi
889 779 1031 858 epistulae
1053 780 1099 841 od.
1124 780 1224 842 Seeck.
1270 781 1366 844 Berol.
1395 781 1487 842 1883.

695 881 814 961 Vergilii
838 901 928 961 opera
950 902 1007 943 rec.
1032 882 1067 944 0.
1090 882 1231 945 Ribbeck.
1255 884 1292 942 lll
1315 883 1383 945 voll.
1428 885 1496 962 Lps.
1524 884 1702 944 1859-62.

542 1001 581 1065 In
605 1001 801 1066 carminibus
825 1001 967 1066 Statium
990 1001 1046 1085 (cl.
1064 1000 1130 1067 sid.
1148 1022 1176 1068 c.
1192 1001 1243 1066 IX
1259 1003 1321 1065 226
1338 1022 1409 1087 sqq.
1431 1001 1533 1067 XXII
1556 1001 1639 1088 ὅθ),
1664 1000 1892 1079 Claudianum,
1915 999 2105 1085 Vergilium

437 1102 600 1187 (Ivem
623 1111 656 1169 et
679 1127 709 1170 a.
726 1103 777 1190 1.),
809 1105 842 1169 in
867 1105 1018 1191 epistulis
1041 1103 1183 1190 Plinium
1206 1105 1363 1168 iuniorem
1387 1103 1509 1190 (11‚t.
1532 1105 1583 1171 IX
1603 1110 1659 1186 1,.1
1680 1126 1727 1190 sq.
1750 1103 1799 1169 IV
1816 1107 1868 1182 22,
1885 1103 1919 1188 2)
1943 1110 1979 1168 at
2003 1103 2105 1188 Sym-

435 1207 588 1271 machum
611 1207 735 1294 (11,1.
759 1231 786 1274 1.
803 1207 856 1273 IX
872 1210 934 1272 303
952 1206 1037 1294 sqq.)
1055 1206 1189 1272 Sidonio
1214 1207 1387 1292 signiferos
1410 1214 1509 1293 atque
1532 1211 1770 1294 antesignanos
1792 1206 1896 1272 fuisse
1918 1207 1952 1270 in
1977 1205 2105 1271 disser-

436 1310 559 1375 tatione
597 1331 686 1392 mea,
728 1332 811 1397 quae
847 1317 898 1376 est
930 1310 972 1376 de
1005 1310 1208 1396 Apollinaris
1243 1308 1369 1374 Sidonii
1406 1310 1523 1375 studiis
1554 1311 1705 1397 (Vratisl.
1738 1309 1832 1396 1885)
1868 1309 2106 1375 demonstravi.

437 1411 591 1479 Omnium
613 1416 756 1481 maxima
781 1415 882 1479 Plinii
904 1413 1068 1479 scribendi
1091 1435 1196 1499 genus
1221 1413 1361 1500 scriptor
1378 1414 1549 1480 Arvernus
1572 1415 1746 1501 amplexus
1771 1421 1832 1494 est,
1854 1421 1901 1494 ut,
1924 1413 2010 1478 siout
2033 1412 2106 1477 dixi

436 1517 457 1582 l.
484 1537 512 1582 o.
535 1539 567 1604 p.
584 1522 636 1599 56,
660 1517 816 1604 quidquid
838 1518 1003 1604 reperitur
1025 1517 1112 1604 apud
1136 1515 1305 1582 Sidonium
1329 1517 1487 1583 Plinianis
1512 1519 1631 1600 simile,
1657 1541 1677 1584 a
1698 1518 1805 1583 Plinio
1828 1538 1903 1584 eum
1920 1516 2106 1603 sumpsisse

438 1625 508 1684 1111
532 1626 668 1686 statuas.

541 1741 581 1805 In
603 1742 794 1808 universum
819 1741 859 1807 de
883 1741 944 1806 hac
968 1761 1043 1806 mea
1065 1761 1166 1828 opera
1181 1741 1298 1808 eadem
1313 1741 1426 1806 valant
1440 1762 1526 1828 quae
1548 1741 1589 1806 de
1604 1741 1764 1807 similibus
1781 1740 1919 1827 syllogia
1934 1740 2105 1805 omnibus:

437 1851 546 1909 utrum
570 1867 613 1910 ex
636 1846 708 1932 ipso
734 1866 783 1926 eo,
808 1866 904 1932 quem
928 1844 1032 1925 attuli,
1056 1845 1217 1931 scriptore
1241 1845 1390 1911 hauserit
1412 1845 1569 1926 imitator,
1593 1865 1636 1909 an
1660 1865 1702 1910 ex
1726 1844 1791 1909 alio
1815 1842 1911 1909 hodie
1926 1842 2105 1930 deperdito

438 1969 513 2012 oum
537 1969 638 2036 saepe
662 1948 797 2015 dubium
821 1955 935 2031 restet,
960 1951 1023 2016 hoo
1047 1951 1211 2017 contendo
1228 1950 1370 2018 eundem
1396 1952 1506 2018 locum
1531 1952 1596 2018 iam
1620 1958 1719 2016 antea
1735 1951 1814 2016 item
1831 1956 2007 2015 tractatum
2028 1971 2108 2014 1111

437 2051 469 2116 id
494 2052 581 2138 quod
608 2073 647 2117 eo
670 2052 800 2140 dignius
829 2059 878 2120 est
900 2061 1082 2120 memoratu
1112 2076 1175 2140 quo
1200 2056 1333 2142 saepius
1357 2057 1411 2120 vel
1435 2056 1556 2121 certius
1580 2054 1667 2120 idam
1690 2060 1806 2120 auctor
1829 2053 1995 2140 expilatus
2020 2073 2100 2117 esse

437 2155 611 2223 invenitur.
663 2157 717 2222 Sic
750 2158 791 2222 ad
825 2159 1027 2225 subtiliorem
1060 2160 1243 2224 litterarum
1273 2159 1428 2224 historias
1458 2159 1608 2226 notitiam
1639 2159 1868 2245 perveniemus
1897 2157 2100 2243 penitusque

437 2259 695 2348 uniuscuiusque
721 2263 887 2348 scriptoris
910 2263 1148 2349 perspiciemus
1171 2263 1348 2349 ingenium.

541 2381 649 2447 Locos
680 2382 744 2447 iam
776 2384 809 2447 in
839 2383 934 2449 huius
963 2382 1115 2449 editionis
1146 2382 1354 2449 adnotatione
1392 2403 1450 2449 suo
1483 2384 1553 2450 loco
1586 2383 1711 2450 adlatos
1743 2382 1877 2448 distinxi
1905 2380 2099 2467 praeposito

438 2487 610 2554 asterisco.

544 2694 669 2782 Scripsi
693 2694 956 2761 Vratislaviae
979 2693 1028 2759 IV
1052 2700 1131 2782 anto
1153 2692 1203 2758 Id.
1225 2692 1298 2759 011.
1315 2715 1344 2758 1.
1361 2693 1393 2757 h.
1410 2715 1437 2761 s.
1451 2694 1641 2760 LXXXVI.

1566 3031 1784 3132 Eugenlus
1811 3029 1994 3114 Gelsler.
