4612 6428
866 418 917 472 Vll
937 436 960 474 v.
980 420 1034 473 600
1051 449 1084 460 -
1104 418 1141 472 lx
1161 437 1185 473 v.
1204 419 1247 472 54.

644 589 839 656 informem
864 591 968 678 redigi
992 593 1087 659 iubes
1111 589 1225 668 libelli,

644 693 812 779 ingentem
837 694 934 762 simul
959 701 1151 783 strepente
1175 697 1298 762 fascem

644 798 778 862 conflari
802 799 944 864 invidiae
968 807 1001 866 et
1024 803 1132 887 perire
1156 801 1322 865 chartam?

642 902 803 966 mandatis
827 902 977 985 famulor,
1001 905 1060 970 sed
1083 911 1160 970 autc
1184 912 1296 984 testor,

641 1005 746 1070 lector
769 1027 850 1091 ques
873 1008 1009 1093 patieris
1033 1009 1086 1074 hio
1110 1009 1268 1074 salebras.

689 1109 763 1174 Non
786 1133 845 1177 nos
869 1114 1026 1178 currimus
1051 1136 1206 1199 aggerem
1229 1119 1394 1178 uetustum

641 1234 702 1276 nce
727 1215 900 1301 quicquam
923 1217 1081 1298 inuenies,
1105 1218 1160 1282 ubi
1185 1218 1328 1304 priorum

640 1318 789 1404 antiquas
811 1325 897 1385 terat
920 1322 1042 1386 orbitas
1066 1322 1192 1387 Thalia.

638 1443 703 1485 non
726 1422 778 1487 bic
800 1425 973 1512 antipodas
997 1427 1169 1513 salumque
1194 1427 1338 1505 rubrum,

582 1543 588 1556 ·
638 1547 703 1591 non
728 1527 780 1592 bio
802 1529 1009 1595 Memnonios
1034 1553 1188 1597 canemus
1212 1531 1312 1596 Indos

640 1631 789 1697 Aurorae
809 1634 883 1698 face
907 1634 1010 1700 civica
1033 1642 1200 1720 perust0s;

638 1757 703 1800 non
727 1737 899 1821 Artaxata,
924 1739 1019 1820 Susa,
1044 1741 1173 1822 Bactra,
1200 1741 1353 1824 Carrhas,

638 1865 703 1909 non
727 1849 852 1908 coctam
875 1844 1049 1930 Babylona
1073 1848 1269 1932 personabo,

637 1969 722 2033 quae
744 1950 871 2035 largum
895 1950 995 2015 fluuio
1018 1958 1134 2036 patens
1158 1953 1289 2017 alumno

581 2065 605 2100 ‘·'·
639 2053 799 2117 inclusum
822 2052 907 2117 bibit
930 2052 1005 2118 binc
1029 2061 1064 2119 et
1084 2054 1161 2120 inde
1186 2056 1320 2142 Tigrim.

637 2177 702 2221 non
725 2156 777 2220 hic
801 2156 949 2243 Assyriis
973 2158 1093 2224 Ninum
1117 2161 1270 2245 priorem,

636 2283 699 2327 non
724 2263 830 2328 Medis
853 2270 951 2352 caput
973 2262 1128 2331 Arbacen
1151 2266 1314 2352 profabor,

636 2387 696 2430 nec
725 2388 821 2452 quam
850 2367 962 2449 divite,
991 2390 1065 2434 cum
1091 2369 1213 2454 refugit
1241 2369 1378 2446 hostem,

635 2471 716 2535 arsit
738 2471 994 2559 Sardanapallus
1018 2474 1051 2537 in
1075 2473 1198 2538 favilla.

579 2589 584 2601 '
636 2597 701 2640 non
726 2576 848 2662 Cyrum
871 2577 1028 2663 Astyagis
1053 2579 1168 2664 loquar
1190 2584 1355 2664 nepotem.

636 2679 791 2744 nutritum
814 2681 917 2746 ubere
941 2703 1038 2767 quem
1060 2683 1169 2747 ferunt
1195 2683 1325 2762 canino,

635 2784 727 2848 cuius
751 2804 816 2848 non
838 2784 942 2849 valuit
964 2786 1181 2871 rapacitatem

634 2889 687 2952 uel
710 2887 795 2973 Lydi
818 2889 938 2954 satiare
960 2911 1043 2975 gaza
1067 2889 1194 2966 Oroesi;

634 2994 726 3058 cuius
750 3015 812 3059 nec
836 2993 950 3060 feritas
974 2995 1111 3062 subacta
1135 3003 1213 3064 tunc
1236 3004 1297 3078 est,

592 3113 603 3149 ⁵
638 3099 742 3162 caesis
766 3098 900 3164 milibus
924 3106 1001 3164 anta
1025 3121 1099 3164 cum
1121 3100 1270 3166 ducentis

635 3203 667 3266 in
691 3204 785 3267 vallis
810 3203 985 3290 Scythicae
1009 3211 1143 3270 coactus
1166 3213 1274 3271 artum

634 3305 769 3372 orbatae
798 3307 840 3373 ed
869 3307 1019 3393 Tomyris
1047 3310 1174 3376 reniret
1202 3316 1317 3378 utrem.

680 3412 755 3476 Non
783 3413 836 3477 hic
866 3412 1044 3499 Cecropios
1075 3415 1169 3500 leges
1198 3416 1392 3502 triumphos.

634 3516 687 3581 vel
711 3517 738 3580 si
764 3536 826 3602 quo
850 3516 1023 3582 Marathon
1046 3518 1144 3585 rubet
1165 3519 1287 3600 duello,

636 3627 702 3702 aut,
726 3643 799 3687 cum
823 3623 914 3687 milia
936 3624 1026 3690 mille
1050 3626 1240 3704 concitaret,

634 3725 781 3790 inflatum
803 3729 1041 3793 numerositate
1063 3728 1211 3805 Xerxen,
1233 3755 1234 3762 ¹

633 3834 731 3915 atque
760 3831 846 3896 hunc
876 3831 1063 3897 fluminibus
1092 3833 1171 3897 satie
1200 3832 1370 3920 profundis

632 3934 805 4000 confestim
828 3935 959 4001 ebibitis
983 3936 1090 4002 adhuc
1114 3937 1239 4012 sitisse;

630 4059 691 4104 nec
720 4060 786 4104 non
816 4038 1056 4127 Thermopylas
1088 4046 1121 4106 at
1147 4041 1266 4107 Helles
1296 4039 1401 4105 undas

588 4158 599 4194 ⁵
632 4143 751 4228 spretis
776 4143 926 4209 obicibus
949 4145 1010 4208 soli
1034 4145 1160 4231 salique

630 4249 755 4314 insanis
779 4251 945 4335 equitasse
968 4272 1042 4315 curn
1066 4250 1207 4316 catervis

631 4352 840 4438 admissoque
863 4355 896 4419 in
919 4355 1031 4420 Athon
1055 4361 1204 4420 tumente
1227 4360 1327 4439 ponto

629 4457 721 4522 iuxta
743 4458 942 4526 frondiferae
966 4479 1122 4525 cacumen
1146 4459 1242 4545 Alpis

630 4562 774 4649 scalptas
799 4564 960 4630 classibus
983 4564 1050 4628 isse
1072 4584 1132 4650 per
1155 4584 1324 4629 cavernas.

574 4703 578 4714 ·
676 4663 749 4730 Non
773 4668 898 4753 prolem
922 4667 1146 4732 Garamantici
1169 4666 1339 4747 Tonantis,

630 4769 740 4854 regnis
764 4770 1032 4857 principibusque
1054 4772 1304 4860 principantem,

629 4879 797 4957 porrectas
821 4873 922 4940 Asiae
946 4875 1062 4961 loquar
1084 4882 1222 4962 paterno

629 4983 739 5042 actum
762 4978 898 5046 fulmine
921 4981 1113 5066 pervolasse
1136 4988 1244 5046 terras

629 5088 661 5145 ct
684 5082 822 5166 primum
846 5082 938 5148 Darii
962 5085 1201 5150 tumultuantes

315 5310 346 5362 14
368 5312 523 5362 famulorum
544 5309 566 5360 0
685 5306 717 5357 lli
740 5305 799 5372 non]
818 5325 865 5358 nos
883 5307 912 5358 F
1033 5305 1065 5358 17
1086 5310 1222 5376 qnisquam
1242 5310 1265 5358 0
1384 5306 1417 5358 19
1434 5326 1483 5360 om.
1499 5308 1525 5359 P
1610 5309 1718 5361 rubrum
1741 5326 1807 5360 cras.
1828 5309 1865 5362 0¹

208 5394 242 5448 92
264 5399 322 5448 fusa
345 5397 369 5447 Τ
462 5399 534 5448 hatra
553 5395 606 5446 PF
704 5395 808 5446 charras
831 5395 905 5445 codd.
1046 5393 1080 5445 23
1103 5403 1203 5447 coctum
1228 5395 1252 5444 Τ
1347 5395 1511 5461 babyloniam
1530 5394 1560 5445 F
1694 5393 1728 5447 33
1751 5413 1823 5448 crosa
1846 5397 1871 5448 Τ

207 5479 240 5532 37
262 5484 378 5534 thomiris
397 5483 493 5545 OPT¹,
516 5482 630 5533 thamiris
654 5479 722 5530 T¹F
837 5477 871 5530 41
896 5497 987 5532 xersen
1011 5480 1040 5548 Τ,
1066 5497 1173 5532 nemeen
1192 5479 1221 5530 F
1337 5478 1372 5530 42
1390 5481 1545 5546 profundum
1564 5480 1593 5532 F
1703 5479 1739 5532 44
1756 5483 1866 5534 tebrmo·

208 5569 272 5635 pilas
291 5569 318 5632 0,
341 5569 532 5636 thermophylas
547 5567 605 5628 ΡΤ,
629 5567 794 5633 thermopilas
806 5565 835 5616 F
913 5568 1001 5619 Helles
1018 5567 1081 5618 Luc.
1094 5566 1220 5630 Masclion
1242 5567 1317 5618 hellis
1334 5565 1358 5616 Τ
1357 5567 1410 5629 CF,
1433 5567 1497 5618 belis
1515 5567 1541 5618 P
1653 5565 1689 5618 45
1711 5569 1828 5635 apicibus
1847 5570 1869 5620 0

208 5655 319 5722 salisque
343 5655 367 5704 Τ
470 5652 505 5705 48
529 5654 664 5706 caculmcu
683 5651 722 5702 Ρι
835 5650 869 5702 49
892 5653 991 5706 elusibu
1010 5654 1035 5704 P
1145 5652 1179 5705 51
1204 5655 1277 5722 regni
1295 5653 1323 5705 F
1396 5671 1446 5721 quc
1464 5672 1513 5706 orn.
1530 5655 1555 5706 Τ
1661 5653 1695 5706 52
1716 5663 1816 5723 precisa
1835 5656 1866 5721 Ρ,

206 5751 333 5796 correctas
352 5740 380 5792 F

1608 5859 1663 5914 ρει
