4612 6428
426 400 488 464 298
750 396 880 451 FAUSTI
899 393 1141 462 ALIORUMQUE
1160 394 1371 452 EPISTULAE.
1400 396 1451 450 XX
1470 397 1486 464 ς
1504 397 1537 452 57
1556 427 1588 434 -
1608 396 1657 450 XX
1678 397 1693 464 ξ
1712 397 1754 450 61.

275 559 357 639 GM
377 573 418 636 57
429 569 639 659 mensuram],
666 572 713 638 ita
736 578 769 638 et
791 571 900 657 posuit
922 570 1146 657 quantitatem.
1193 571 1278 636 inter
1299 570 1382 635 baeo
1405 570 1433 634 si
1456 570 1550 650 forte,
1573 575 1610 634 ut
1633 569 1755 634 dietum
1779 577 1840 652 est,
1864 568 2078 636 asserendum

426 675 544 761 aliquis
575 681 684 762 putet,
715 674 800 760 quod
831 675 887 740 illa
914 675 1083 760 angelicae
1115 675 1297 740 subtilitate
1330 680 1467 740 naturae
1497 674 1658 761 quaedam
1686 675 1837 760 contagio
1869 675 1954 739 aeris
1981 674 2078 740 huius

425 778 624 844 admixtione
665 778 801 844 oolloota
841 779 979 844 flammis
1014 779 1198 844 invenietur
1234 779 1392 858 obnoxio,
1434 799 1512 864 ergo
1551 779 1583 843 in
1620 779 1764 859 diabolo,
1811 785 1909 865 prout
1945 778 2006 858 ait,
2051 779 2079 843 si

428 903 561 948 aereum
584 888 649 963 est,
678 882 764 968 quod
786 883 929 964 ardebit,
959 883 1078 948 nonin
1102 883 1173 965 illo,
1204 882 1262 948 sed
1286 887 1382 948 extra
1403 881 1495 946 illum
1518 904 1626 968 poeno
1648 882 1832 962 desaeviet,
1866 881 1924 946 sed
1955 882 2079 968 absque

376 987 417 1050 58
427 985 525 1052 dubio
549 1007 614 1052 uon
636 985 725 1052 aliud
749 991 799 1052 est
822 1008 919 1073 quam
943 987 1127 1052 substantia
1149 989 1308 1072 eorporis,
1339 988 1394 1052 ubi
1417 986 1578 1052 dominari
1601 987 1721 1073 poterit
1743 987 1792 1051 vis
1816 986 1948 1053 doloris.
1993 986 2078 1066 vide,
2119 1001 2132 1038 ⁵

428 1111 491 1176 quo
510 1090 622 1156 tendet
637 1090 824 1176 imprudens
847 1097 881 1156 et
903 1091 1057 1177 imperito
1079 1091 1262 1178 persuasio!
1303 1091 1358 1176 qui
1381 1091 1609 1177 incorporeum
1632 1111 1703 1154 oum
1727 1091 1882 1177 loquitur,
1906 1090 2004 1156 etiem
2028 1090 2079 1154 in-

431 1194 761 1281 comprehensibilem
785 1194 958 1261 oonfitetur
980 1215 1019 1259 ao
1043 1195 1089 1260 sio
1110 1194 1238 1261 oondito
1261 1193 1419 1259 adscribit
1433 1195 1534 1281 operi,
1558 1194 1645 1279 quod
1662 1195 1721 1259 soli
1737 1196 1893 1282 competit
1909 1194 2080 1273 conditori,

428 1320 467 1364 ao
497 1299 595 1364 rebus
625 1300 744 1366 ornatis
776 1299 996 1364 eommunicet
1028 1299 1199 1384 privilegia
1232 1298 1414 1364 maiestatis
1446 1305 1479 1364 et
1509 1298 1688 1363 indebitam
1722 1299 1867 1364 facturae
1901 1298 2082 1385 potentiam

377 1406 532 1488 osusque
555 1402 596 1468 ad
618 1402 752 1468 lactoris
777 1401 926 1468 extendit
948 1401 1109 1468 iniuriam.
1147 1405 1175 1466 si
1196 1403 1280 1468 bene
1296 1404 1509 1488 requiramus,
1533 1403 1574 1467 ad
1592 1424 1673 1489 quos
1690 1425 1798 1468 rerum
1815 1404 1922 1468 exitus
1938 1404 2082 1468 animum

389 1541 390 1544 ¹
429 1506 564 1590 referas,
586 1506 670 1572 heae
693 1507 746 1574 vel
769 1508 912 1572 maxime
936 1505 1101 1572 diebolum
1126 1505 1300 1571 credulitas
1323 1528 1366 1571 ex
1388 1507 1444 1572 ills
1467 1507 1586 1572 beatae
1610 1507 1698 1572 sodis
1722 1508 1863 1573 statione
1886 1506 2031 1584 devolvit
2046 1512 2081 1572 et
2109 1519 2136 1558 ¹⁰

377 1613 418 1675 60
428 1617 563 1697 propter
585 1611 647 1678 hoo
670 1611 780 1696 angeli
804 1609 947 1697 perdidit
969 1609 1175 1695 dignitatem,
1205 1609 1281 1674 dum
1306 1631 1341 1675 se
1365 1609 1418 1675 dei
1441 1611 1622 1697 praesumit
1644 1610 1766 1677 hebere
1791 1616 1952 1676 naturam.
1995 1630 2080 1674 unus

430 1736 508 1800 ergo
532 1714 613 1780 deus
637 1716 857 1802 inoorporeus,
881 1715 957 1800 quie
981 1719 1014 1779 et
1037 1713 1375 1799 incomprehensibilis
1400 1721 1434 1780 et
1456 1714 1577 1801 ubique
1599 1714 1752 1802 diffusum
1782 1735 1825 1780 ex
1847 1715 1967 1778 nullius
1992 1714 2080 1778 enim

377 1821 414 1882 61
427 1819 574 1884 foeturae
598 1839 774 1905 corporeae
790 1856 856 1882 t...
872 1818 1042 1884 materiale
1065 1819 1204 1904 sumpsit
1220 1818 1399 1884 exordium.
1437 1825 1470 1885 et
1486 1819 1560 1884 ideo
1577 1826 1772 1884 coaeternus
1786 1819 1871 1884 filius
1885 1819 1979 1905 patri,
2002 1819 2080 1904 quia

430 1944 474 1988 ox
495 1923 585 1990 nullo
609 1943 709 2009 opero
733 1922 883 1988 eonditus
906 1923 1070 2007 nullisque
1093 1923 1193 1987 initiis
1217 1923 1499 2008 circumscriptus,
1532 1944 1632 2009 super
1658 1924 1768 1988 omnia
1790 1944 1874 2009 quae
1897 1922 1998 2008 figulo
2023 1943 2081 1986 suo

431 2026 739 2111 comprehensibilia
761 2033 860 2112 etque
883 2047 1041 2112 corporea
1063 2026 1148 2090 intra
1171 2025 1282 2092 mundi
1306 2047 1423 2111 eorpus
1446 2035 1601 2113 operatus
1624 2033 1675 2092 est
1696 2028 1889 2114 incorporea
1910 2026 2081 2090 maiestate
2108 2038 2136 2078 1⁵

430 2129 632 2208 diffunditur,
663 2151 707 2196 ex
736 2130 881 2215 ingenito
909 2130 1054 2216 genitus,
1086 2128 1117 2193 id
1147 2135 1198 2194 est
1227 2151 1269 2194 ex
1298 2136 1403 2216 petre,
1434 2129 1494 2194 sed
1521 2151 1651 2216 semper
1680 2152 1753 2195 oum
1783 2137 1893 2217 patre,
1921 2130 2080 2216 hisquae

431 2233 588 2300 excitavit
611 2253 652 2298 ex
675 2233 775 2299 nihilo
797 2233 975 2300 indisereta
998 2235 1103 2300 senati
1127 2235 1260 2321 spiritus
1284 2235 1442 2300 societate
1466 2234 1660 2300 dominatur.
1705 2257 1812 2302 amen.

535 2510 551 2564 l
568 2509 746 2580 quantitatem]
767 2512 804 2565 ol.
823 2512 967 2564 Mamertae
985 2513 1002 2563 l.
1016 2513 1042 2578 l,
1064 2513 1199 2580 qunlitutas
1220 2513 1243 2564 θ
1312 2514 1360 2565 hoa
1380 2513 1404 2564 G
1506 2510 1569 2565 tin
1586 2511 1698 2581 diabolo]
1715 2515 1814 2581 serapti,
1835 2515 1906 2568 india
1923 2512 1950 2578 (a
1966 2511 2082 2578 dubiam)

431 2601 485 2652 solo
497 2599 566 2664 min
578 2617 637 2652 aare
646 2601 700 2651 solo
712 2599 830 2652 Οαπὶεἰω
842 2607 865 2652 et
874 2599 1044 2667 Ervpalbreclrt
1129 2597 1239 2666 dextra]
1252 2599 1319 2652 exG
1370 2597 1625 2666 dasasuietlHortel,
1636 2599 1795 2652 dasatuidvil
1880 2599 2083 2668 binoorporoum

431 2683 500 2752 oum]
513 2685 691 2754 Esspelhoeolvl,
706 2687 733 2737 in
751 2703 856 2754 oorpore
874 2687 970 2740 cumo
1066 2684 1083 2736 8
1100 2687 1325 2738 communicante
1386 2685 1523 2738 futuroeG
1618 2684 1652 2737 10
1669 2688 1794 2738 maximae
1807 2687 1830 2739 0
1929 2686 1960 2738 11
1978 2683 2083 2753 habere]

432 2791 451 2825 a.
470 2775 489 2826 l.
503 2773 543 2825 0¹
613 2772 643 2824 ia
659 2790 728 2826 uuus
744 2773 856 2826 reditu
892 2838 905 2852 ,
959 2771 991 2824 12
1008 2774 1069 2840 quia
1086 2770 1121 2841 ot]
1140 2773 1245 2841 quial!
1348 2771 1380 2824 13
1392 2774 1500 2826 matoria
1511 2773 1594 2838 suppl.
1608 2772 1712 2837 Hortel,
1730 2789 1835 2841 oorpore
1847 2774 1931 2840 mppl.
1942 2772 2086 2823 Mommsen

432 2877 484 2930 quo
501 2859 659 2914 namuro
763 2857 1061 2928 langardensem
1163 2857 1196 2910 15
1213 2859 1376 2912 mundumG
1482 2857 1515 2910 16
1532 2855 1567 2924 id]
1587 2875 1606 2909 v.
1621 2858 1691 2910 16ι
1756 2859 1839 2926 quiG
1945 2855 1976 2910 ll
1994 2854 2084 2922 nihilo]

433 2963 466 3000 ax
483 2946 591 3000 addo
659 2946 845 3000 dominatorG
913 2943 997 3012 amen]
1016 2962 1064 2998 om.
1084 2945 1118 2995 M
