4612 6428
848 393 942 448 XXIII
960 411 986 448 v.
1004 395 1057 450 424
1074 425 1107 434 -
1125 412 1151 448 v.
1169 395 1230 450 512.

626 567 732 631 noscit
755 566 842 654 quod
865 566 944 632 velit
968 567 1039 654 ipse
1063 568 1224 644 iudicare;

556 682 595 721 ⁴²⁰
626 691 702 736 narn
725 693 902 758 numquam
924 675 1044 738 metuis
1067 675 1155 759 loqui
1179 673 1265 759 quod
1289 695 1429 760 aequum
1453 682 1514 756 est,

627 776 654 840 si
677 782 710 841 tc
736 775 828 841 Sulla
850 782 979 863 premat
999 779 1153 864 ferusque
1178 777 1295 860 Carbo,

627 880 654 944 si
678 881 789 946 tristes
812 881 910 947 Marii
933 889 1108 969 trucesque
1133 882 1268 965 Cinnae,

627 991 661 1050 et
684 985 712 1049 si
735 986 820 1051 forte
844 991 937 1051 tuum
961 994 1058 1074 caput
1082 987 1233 1073 latusque

628 1090 838 1156 circumstent
861 1090 962 1177 gladii
985 1092 1237 1177 triumvirales);

583 1208 594 1244 ⁵
627 1215 688 1260 seu
711 1215 770 1259 nos
792 1193 948 1282 Lirnpidii
971 1196 1058 1261 lares
1081 1195 1260 1276 habebant,

626 1299 706 1364 civis
731 1299 896 1385 magnifici
920 1299 1047 1386 virique
1071 1301 1200 1379 summi,

625 1403 805 1470 fraternam
828 1404 914 1470 bene
937 1407 1084 1491 regulam
1108 1404 1292 1491 sequentis;

625 1530 684 1574 seu
707 1529 766 1574 nos
789 1509 903 1575 eximii
926 1510 1022 1574 simul
1046 1510 1182 1575 tenebat

623 1621 759 1680 nectens
784 1613 974 1679 officiositas
998 1613 1126 1696 Marini,

624 1718 717 1784 cuius
742 1716 902 1784 sedulitas
927 1717 1149 1803 sodalitasque

625 1829 761 1889 aeterna
784 1821 863 1887 rnihi
886 1821 984 1887 laude
1008 1830 1084 1887 sunt
1108 1820 1283 1892 colendae;

625 1949 685 1992 scu
713 1947 937 2013 quoscumque
967 1927 1049 1990 alios
1078 1926 1191 1992 videre
1218 1924 1338 1991 fratres

625 2031 715 2096 cordi
738 2030 871 2117 utrique
894 2030 966 2108 luit,
990 2031 1108 2116 quibus
1132 2052 1269 2096 vacasse

623 2134 819 2201 laudandam
843 2155 918 2200 reor
940 2135 1206 2221 occupationem

580 2280 586 2290 ·
624 2241 742 2306 horum
765 2241 898 2306 nomina
921 2262 996 2305 cum
1018 2241 1142 2306 referre
1166 2263 1261 2306 versu

624 2345 764 2410 affectus
788 2344 909 2429 cupiat,
933 2350 1072 2409 metrum
1097 2353 1238 2412 recusat.

669 2448 755 2513 Hinc
782 2468 840 2513 nos
868 2447 910 2512 ad
939 2449 1102 2535 propriam
1133 2448 1264 2513 domum
1292 2451 1444 2533 vocabas,
1491 2537 1493 2540 Ι

623 2575 697 2620 oum
720 2577 817 2621 manc
840 2557 970 2620 exierat
992 2575 1113 2638 novum
1139 2562 1172 2620 ct
1196 2556 1365 2621 calescens
1436 2604 1437 2608 ,

623 2659 738 2725 horam
762 2661 810 2724 sol
835 2658 936 2725 dabat
958 2660 1095 2724 alteram
1119 2658 1308 2726 secundam.

622 2763 677 2829 hic
700 2785 855 2850 promens
879 2769 1002 2828 teretes
1024 2764 1109 2849 pilas
1132 2763 1340 2849 trochosque,

621 2867 674 2932 hic
697 2868 780 2933 talos
805 2866 1043 2954 crepitantibus
1066 2867 1188 2932 fritillis

622 2992 682 3036 nos
707 2970 748 3036 ad
771 2970 911 3038 verbera
934 2977 1096 3037 tractuum
1121 2977 1298 3053 struentes,

620 3083 788 3162 tamquam
811 3075 1026 3162 Naupliades,
1050 3081 1199 3162 repertor
1222 3077 1311 3156 artis,

622 3178 790 3266 gaudebas
814 3179 951 3244 hilarem
976 3180 1063 3245 ciere
1088 3181 1203 3246 rixam.

579 3301 590 3338 r·
623 3285 699 3351 hinc
723 3282 765 3349 ad
787 3285 918 3365 balnea,
941 3304 1007 3349 non
1029 3283 1217 3351 Neroniana

621 3409 680 3455 neo
704 3409 788 3475 quae
813 3387 963 3476 Agrippa
985 3388 1075 3454 dedit
1098 3392 1151 3456 vel
1172 3391 1229 3456 illc
1252 3391 1345 3457 cuius

619 3494 751 3559 bustum
775 3493 982 3558 Dalmaticae
1005 3493 1117 3559 vident
1140 3495 1294 3574 Salonae,

620 3598 661 3664 ad
685 3599 830 3664 thermas
853 3604 964 3662 tamen
987 3599 1045 3679 irc,
1070 3598 1128 3664 scd
1152 3600 1277 3666 libebat

620 3703 747 3789 privato
770 3703 855 3769 benc
879 3703 1048 3789 praebitas
1072 3704 1197 3790 pudori.

552 3847 556 3857 ·
622 3813 697 3892 post
721 3828 802 3892 quas
825 3827 886 3871 nos
911 3812 967 3871 tua
990 3808 1108 3892 pocula
1132 3815 1165 3873 ct
1187 3815 1317 3873 tuarum

618 3911 788 3976 Musarum
812 3910 941 3977 medius
964 3916 1056 3976 torus
1079 3913 1226 3992 tenebat,

620 4015 734 4101 quales
757 4037 820 4082 nec
845 4021 970 4080 statuas
994 4015 1221 4102 imaginesque

620 4141 697 4185 aare
721 4126 778 4185 aut
801 4119 1019 4185 marmoribus
1043 4120 1272 4207 coloribusque

618 4222 760 4300 Mentor,
783 4223 983 4303 Praxiteles,
1009 4223 1132 4311 Scopas
1156 4223 1328 4306 dederunt,

548 4343 556 4378 ·'
620 4334 758 4412 quantas
781 4349 843 4394 nec
865 4328 1057 4414 Polycletus
1081 4329 1153 4415 ipse
1177 4329 1272 4394 finxit

581 4449 582 4452 ’
619 4453 681 4498 nec
704 4433 739 4496 fit
761 4431 898 4497 Fidiaco
922 4433 1028 4519 ligura
1052 4434 1153 4500 caelo.

667 4534 734 4602 Sed
756 4536 822 4600 iarn
846 4543 879 4601 tc
903 4537 1035 4602 veniam
1058 4537 1249 4623 loquacitati

619 4639 789 4725 quingenti
812 4638 1081 4725 hendecasyllabi
1104 4648 1292 4728 precantur.

619 4750 757 4823 tantum,
782 4743 844 4807 etsi
866 4743 1007 4830 placeat,
1031 4766 1151 4831 poema
1173 4746 1307 4831 longum
1332 4755 1394 4816 est.

550 4863 588 4901 ⁵¹⁰
619 4849 684 4913 iam
708 4848 773 4912 iam
797 4847 928 4927 sufficit,
953 4848 1024 4935 ipse
1049 4855 1083 4914 et
1106 4849 1274 4936 impediris

617 4953 755 5016 multum
779 4953 812 5016 in
836 4953 980 5017 carmine
1004 4954 1180 5040 perlegens
1204 4955 1356 5033 amicum,

616 5056 868 5122 dormitantibus
893 5058 1093 5124 otiosiorem.

300 5301 352 5355 469
371 5303 492 5355 PoscitC
556 5303 618 5370 quid
636 5299 682 5352 ΤΡ
783 5298 837 5352 470
855 5301 923 5367 quod
941 5297 975 5366 a]
996 5316 1012 5366 q
1031 5317 1144 5367 coquum
1157 5300 1186 5351 F
1285 5298 1335 5352 471
1356 5301 1414 5353 silla
1430 5301 1505 5367 ΤΟΡ,
1522 5302 1588 5369 sylla
1596 5301 1630 5353 ‘F
1729 5300 1781 5353 472
1798 5301 1863 5354 eiF

196 5397 315 5442 trucesra
338 5390 363 5440 Τ
466 5389 518 5442 473
535 5390 603 5443 atO
707 5384 852 5440 475-477
871 5405 919 5439 om.
939 5386 974 5436 ΤΙ
1084 5386 1136 5439 475
1158 5388 1240 5455 limpii
1257 5387 1287 5440 F
1353 5388 1485 5441 habebunt
1508 5389 1546 5439 T²
1649 5387 1701 5441 470
1720 5391 1796 5440 cuius
1818 5388 1856 5438 T*

195 5474 247 5527 477
266 5477 457 5544 praternarnO
532 5474 608 5544 bena]
629 5476 722 5527 debere
740 5473 769 5525 F
878 5471 928 5525 481
951 5483 1081 5527 aeternam
1100 5475 1125 5525 P
1235 5472 1287 5525 48⁶2
1306 5475 1392 5526 sidera
1410 5493 1458 5526 orn.
1472 5476 1497 5526 P
1608 5473 1660 5528 484
1679 5477 1813 5528 lavandam
1832 5475 1862 5527 F

196 5561 249 5613 488
267 5565 367 5614 exierat
386 5565 402 5614 d
426 5564 466 5614 Τ·
569 5561 621 5615 490
639 5563 765 5630 aggrippa
785 5561 812 5624 0,
836 5562 926 5629 agripu
944 5561 970 5611 P
1037 5558 1124 5627 cuius]
1144 5561 1213 5612 dedit
1225 5559 1254 5610 F
1354 5559 1405 5613 497
1425 5565 1533 5614 Lusmm
1551 5571 1580 5613 at
1592 5581 1618 5614 a.
1637 5563 1694 5625 (aed
1711 5565 1732 5614 L
1750 5580 1768 5612 a
1785 5563 1857 5614 mbr.

192 5649 268 5715 prior.)
283 5649 306 5700 0
362 5651 514 5702 dalmaticas
528 5651 553 5701 P
645 5648 695 5702 501
715 5651 808 5701 clrorus
825 5649 909 5714 mtho,
927 5649 1017 5700 thorus
1034 5649 1109 5700 codd.
1204 5647 1256 5700 807)
1273 5649 1451 5715 quantusF¹
1517 5647 1569 5701 508
1586 5650 1767 5703 endecasillabi
1785 5648 1859 5713 ΊὉΡ,

195 5737 389 5790 endecasslllabi
399 5737 428 5789 F
516 5735 568 5792 509
580 5745 619 5791 ost
629 5755 678 5790 cm.
693 5737 718 5788 Τ
774 5738 935 5789 EXPLICIT
952 5737 1049 5788 aanor.
1062 5737 1091 5787 ia
1101 5735 1132 5801 P,
1149 5736 1245 5788 arbam.
1258 5753 1306 5788 ons.
1319 5735 1373 5801 TF,
1395 5753 1445 5804 aeq.
1464 5737 1533 5806 epia.
1550 5736 1569 5788 Ι
1583 5741 1600 5788 6
1617 5737 1654 5788 ud
1671 5737 1824 5806 Elatropium
1838 5735 1862 5788 Τ
