4634 6458
932 377 959 431 Il
977 394 1003 432 v.
1017 376 1069 430 160
1086 407 1119 418 -
1137 376 1234 433 vete.

606 549 650 614 nil
674 548 736 614 sibi
759 549 912 627 deberet;
936 552 1065 618 comitis
1088 552 1148 618 sed
1172 553 1242 618 iure
1266 559 1399 641 recepto
1458 569 1459 574 ’

536 666 575 704 ‘²⁰⁰
607 651 751 720 Danuvii
775 655 864 741 ripas
890 663 923 720 ct
947 663 1086 722 tractum
1109 657 1220 721 limitis
1244 657 1345 744 ampli

605 759 732 839 circuit,
758 758 914 842 hortatur,
938 760 1094 845 disponit,
1118 761 1261 840 discutit,
1285 769 1399 827 armat.

605 863 652 926 sic
677 862 738 927 sub
762 870 855 950 patre
878 863 958 929 Pius
982 864 1171 930 moderatus
1196 871 1303 930 castra
1324 867 1480 951 parentis,

606 967 653 1032 sic
677 967 809 1033 Marcus
834 970 965 1034 vivente
988 968 1058 1046 Pio,
1082 975 1157 1055 post
1180 971 1252 1035 iura
1275 969 1393 1053 daturi,

598 1070 896 1137 ¹innumerabilibus
920 1072 1105 1156 legionibus
1130 1074 1373 1160 imperitabant.

561 1189 572 1222 :‚
604 1174 679 1239 hinc
702 1174 813 1240 reduci
837 1175 935 1240 datur
957 1177 1060 1241 omnis
1084 1177 1197 1257 honos,
1224 1184 1258 1242 et
1281 1179 1410 1264 utrique
1433 1181 1593 1264 magister

603 1278 740 1343 militiae
765 1279 946 1364 consulque
970 1281 1080 1362 micat,
1104 1281 1279 1347 coniuncta
1302 1289 1450 1368 potestas

603 1381 740 1466 patricii,
764 1383 929 1468 celerique
953 1383 1058 1468 gradu
1080 1386 1208 1470 privata
1231 1386 1374 1450 cucurrit

604 1488 746 1552 culmina
769 1489 1024 1575 conscenditque
1048 1511 1164 1556 senum
1188 1512 1270 1577 puer
1291 1491 1361 1576 ipse
1386 1491 1541 1570 curulem,

542 1665 543 1668 Ἴ
604 1590 688 1656 sedit
711 1597 745 1656 et
767 1594 903 1658 emerito
928 1594 1055 1659 iuvenis
1077 1600 1253 1660 veteranus
1276 1595 1309 1658 in
1332 1616 1421 1661 auro.

654 1695 791 1784 Iamque
813 1718 934 1783 parcns
958 1698 1067 1763 divos:
1093 1699 1151 1764 scd
1175 1700 1268 1764 vohis
1291 1701 1383 1765 nulla
1406 1699 1523 1788 cupido

604 1800 749 1886 imperii;
772 1803 904 1888 longam
928 1803 1116 1868 diademato
1140 1825 1240 1889 passa
1263 1806 1427 1892 repulsam

603 1905 764 1990 insignem
788 1909 900 1992 legere
925 1909 1040 1988 virum,
1065 1929 1162 1993 quem
1185 1908 1303 1974 deinde
1326 1908 1495 1994 legentem

603 2032 759 2098 spernere
782 2034 847 2078 non
871 2037 999 2100 posses.
1045 2016 1106 2080 soli
1130 2015 1188 2080 tibi
1213 2016 1350 2082 contulit
1368 2017 1428 2081 ,uni

602 2116 662 2181 hoc
686 2117 834 2183 Fortuna
856 2120 968 2198 decus,
993 2141 1188 2206 quamquam
1211 2127 1244 2185 te
1268 2127 1422 2206 posceret
1444 2120 1534 2200 ordo,

560 2257 564 2268 ·
603 2225 640 2282 ut
661 2221 768 2286 lectus
792 2223 944 2308 princeps
967 2245 1063 2308 mage
1088 2244 1184 2308 quam
1208 2223 1341 2289 videare
1364 2225 1513 2290 relictus:

594 2331 676 2411 'post
699 2345 850 2390 socerum
872 2334 1048 2412 augustum
1072 2348 1202 2412 regnas,
1227 2327 1284 2392 sed
1309 2348 1374 2392 nou
1397 2328 1464 2393 tibi,
1480 2329 1570 2394 venit

602 2449 747 2513 purpura
769 2450 828 2514 per
851 2429 1013 2495 thalamos
1037 2435 1071 2495 et
1094 2431 1236 2495 coniunx
1259 2432 1352 2516 regia
1375 2454 1477 2518 regno

600 2532 673 2595 laus
696 2533 804 2618 potius
827 2553 925 2618 quam
949 2555 1049 2598 causa
1072 2534 1149 2609 iuit;
1173 2555 1247 2600 nam
1271 2536 1351 2600 iuris
1375 2535 1513 2602 habenis

601 2657 666 2699 non
690 2657 848 2721 generum
872 2637 953 2722 legit
976 2658 1029 2702 res
1054 2637 1196 2722 publica,
1221 2637 1279 2702 sed
1302 2659 1510 2723 generosum.

533 2759 537 2773 ·
601 2740 708 2819 fallor,
733 2740 783 2804 his
807 2740 938 2825 gemino
961 2741 1023 2806 nisi
1047 2740 1180 2806 cardine
1205 2764 1274 2807 rem
1298 2743 1416 2828 probat
1439 2744 1541 2822 orbis:
1570 2785 1587 2805 ·.

601 2844 703 2910 ambit
726 2849 758 2908 te
782 2843 953 2929 Zephyrus
976 2851 1145 2924 rectorem,
1170 2845 1315 2910 destinat
1337 2845 1457 2926 Eurus,

604 2949 645 3013 ad
668 2948 807 3013 Boream
831 2969 958 3034 pugnas
983 2955 1016 3013 et
1038 2948 1226 3018 formidaris
1250 2949 1292 3015 ad
1315 2949 1485 3018 Austrum.

644 3053 733 3117 Ante
757 3060 867 3117 tamen
891 3073 988 3138 quam
1010 3060 1043 3118 te
1067 3053 1190 3118 socium
1214 3054 1343 3139 collega
1365 3063 1502 3135 crearet,

600 3157 833 3242 perstrinxisse
857 3155 949 3237 libet,
973 3177 1055 3241 quos
1079 3156 1190 3243 Illyris
1213 3179 1270 3223 ora
1292 3153 1474 3245 triumphos
1570 3184 1577 3206 .

532 3275 569 3343 '1⁵
601 3259 729 3340 viderit,
753 3260 899 3324 excisam
923 3280 1007 3344 quac
1033 3281 1068 3325 se
1085 3260 1272 3326 Valameris
1295 3262 1338 3326 ab
1362 3264 1461 3328 armis

599 3365 683 3428 forte
707 3362 798 3429 ducis
821 3364 925 3428 nostri
948 3365 1026 3428 vitio
1051 3364 1185 3430 deserta
1208 3366 1375 3452 gemebat.
1431 3411 1432 3414 κ

599 3468 687 3533 haud
711 3468 817 3550 aliter,
842 3489 958 3533 caesus
982 3468 1147 3554 quondam
1171 3492 1245 3535 cum
1269 3469 1393 3556 Caepio
1417 3472 1516 3536 robur

599 3573 725 3640 dedidit
747 3573 942 3655 Ausonium,
967 3575 1077 3639 subita
1100 3582 1240 3661 cogente
1265 3576 1359 3644 ruina

600 3680 748 3746 electura
772 3679 888 3744 ducem
913 3687 988 3766 post
1011 3686 1145 3766 guttura
1168 3681 1272 3746 fracta
1295 3680 1475 3772 Iugurthae

598 3786 702 3849 ultum
725 3784 920 3871 Arpinatem
945 3784 1122 3870 Calpurnia
1143 3784 1281 3851 foedera
1303 3786 1405 3850 lixam

598 3889 752 3977 opposuit
775 3888 887 3953 rabido
910 3911 962 3956 res
987 3890 1120 3975 publica
1142 3890 1258 3956 territa
1281 3885 1429 3955 Cimbro.

597 3994 650 4058 hie
673 3995 814 4081 primum
837 3999 874 4058 ut
897 4001 1025 4060 vestras
1049 3996 1175 4081 aquilas
1199 3994 1369 4081 provincia
1391 3993 1484 4073 vidit,

596 4098 696 4164 desiit
718 4099 856 4164 hostiles
880 4099 1209 4164 confestim‘horrere
1232 4100 1406 4166 dracones.
1426 4143 1429 4174 :
1491 4171 1492 4174 Ἴ

597 4204 686 4268 ilicet
710 4203 844 4269 edomiti
867 4205 955 4270 bello
976 4203 1164 4291 praedaque
1189 4210 1340 4270 carentes

527 4320 564 4358 ··'=
598 4328 675 4372 mox
697 4309 760 4396 ipsi
783 4314 840 4373 tua
862 4308 985 4396 praeda
1008 4311 1125 4374 iacent.
1173 4309 1231 4374 sed
1255 4308 1436 4376 omittimus
1459 4309 1538 4374 istos

596 4419 633 4475 ut
655 4414 882 4498 populatores:
905 4413 985 4478 belli
1008 4413 1113 4497 magis
1137 4420 1212 4477 acta
1235 4413 1378 4490 revolve,

597 4515 683 4600 quod
708 4516 829 4581 bellum
854 4537 918 4581 non
940 4538 1043 4602 parva
1067 4537 1182 4580 manus
1205 4538 1266 4581 nec
1290 4537 1421 4582 carcerc
1444 4516 1547 4580 fracto

596 4618 638 4682 ad
661 4619 878 4704 gladiaturam
902 4626 938 4683 tu
960 4619 1117 4704 Spartace
1142 4619 1261 4698 vincte,
1285 4621 1419 4705 parasti,

596 4720 654 4786 sed
678 4721 852 4807 Scythicae
876 4744 961 4808 vaga
985 4723 1080 4788 turba
1103 4725 1232 4809 plagae,
1256 4719 1599 4802 feritatisahundans,

526 4840 564 4878 ²⁴⁰
589 4825 677 4908 dira,
701 4848 813 4913 rapax,
839 4827 1026 4906 vehemens,
1050 4829 1129 4913 ipsis
1154 4849 1281 4913 quoque
1304 4826 1459 4912 gentibus
1482 4825 1548 4890 illic

595 4929 735 4994 barbara
758 4928 948 5012 barbaricis,
972 4932 1064 4996 cuius
1088 4932 1156 4996 dux
1179 4931 1359 4996 Hormidac
1383 4937 1481 5015 atque

597 5033 676 5096 civis
704 5041 784 5099 erat.
829 5036 901 5119 quis
925 5037 991 5100 tale
1016 5036 1118 5101 solum
1144 5044 1195 5101 est
1218 5036 1366 5121 murique
1390 5054 1571 5118 genusque.

644 5136 749 5202 Albus
773 5137 1000 5224 Hyperboreis
1024 5139 1144 5205 Tanais
1168 5162 1233 5227 qua
1256 5140 1395 5207 vallibus
1419 5145 1509 5204 actus

328 5359 379 5411 199
397 5362 537 5413 dederetP
605 5363 710 5414 comites
723 5363 752 5413 F
852 5361 904 5418 200
922 5365 1029 5416 danubii
1047 5365 1121 5416 codd.
1191 5366 1278 5432 rippas
1299 5393 1329 5401 -u
1348 5367 1462 5433 amplum
1479 5365 1504 5415 Τ
1612 5359 1662 5415 101
1680 5364 1799 5415 circumit
1817 5362 1886 5415 ΤΟΡ

226 5443 277 5495 205
295 5447 376 5498 honos
394 5448 433 5498 ed.
455 5448 573 5512 Greqoni
590 5457 612 5498 et
633 5451 794 5510 (Ibllonrbcti,·
812 5451 893 5504 honor
911 5451 984 5502 codd.
1066 5461 1092 5502 et
1110 5452 1225 5516 utrisque
1238 5450 1274 5514 P,·
1291 5469 1327 5502 aa
1345 5453 1499 5518 utriusque?
1620 5447 1672 5501 109
1691 5461 1829 5502 vctsranus
1849 5451 1888 5503 0·

224 5529 273 5581 111
303 5535 426 5600 regnandi
453 5535 575 5601 longuam
599 5537 622 5587 d.
647 5553 671 5603 p.
694 5555 713 5586 r.
738 5536 762 5584 Τ
895 5533 947 5587 119
975 5535 1038 5603 ιιοιι]
1065 5538 1129 5588 Flon
1153 5537 1181 5588 F
1317 5535 1366 5590 131
1395 5541 1473 5606 cybro
1497 5540 1523 5590 Ρ
1658 5535 1709 5589 131
1735 5539 1847 5606 provitia
1866 5538 1891 5588 P

224 5615 276 5669 138
297 5619 488 5684 gladiuthuram
506 5622 537 5675 F
620 5624 752 5688 spartlracc
773 5623 844 5674 (ΤΡ
932 5625 1019 5677 vincta
1038 5626 1067 5676 F
1189 5623 1241 5674 139
1263 5623 1339 5694 vago]
1364 5643 1432 5676 nova
1454 5626 1478 5676 Τ
1600 5621 1652 5675 141
1668 5625 1735 5692 sort.
1756 5641 1890 5691 moresque

227 5705 295 5770 (item
315 5707 405 5772 Molis)
509 5707 561 5760 143
578 5710 623 5775 qni
642 5709 670 5758 F

1631 5829 1686 5883 13*
