4560 6434
682 418 792 481 LIBER
811 419 846 492 Ii,
871 419 988 482 XXXIV
1006 423 1022 495 ἕ
1041 421 1074 480 12
1091 453 1125 466 -·
1143 417 1288 480 XXXVIII
1306 421 1322 491 θ
1340 419 1365 478 2.

942 719 1100 786 XXXVI.

381 874 558 941 DOMINO
582 874 758 941 SANOTO
780 874 838 940 ET
861 873 1146 941 APOSTOLIOO
1171 873 1367 947 MIHIQUE
1391 875 1439 940 IN
1463 874 1657 941 CIIRISTO

277 977 456 1045 DOMINO
481 978 779 1046 SPEOIALITER
801 977 1077 1046 EXOOLIINDO
1100 976 1268 1042 FRATRI
1292 977 1520 1044 chessuto
1543 979 1764 1045 EPISCOPO

775 1081 992 1147 RURICIUS
1015 1080 1271 1148 EPISOOPUS.

155 1235 167 1272 ⁵
306 1197 381 1308 Qun
403 1233 593 1297 occasiones
617 1230 781 1297 scribendi
803 1232 898 1296 nobis
921 1231 1060 1297 invicem
1083 1252 1142 1318 pro
1171 1237 1284 1296 mutua
1312 1231 1447 1296 caritate
1477 1232 1685 1317 inquirimus,
1718 1232 1845 1297 oblatas
1880 1236 1894 1294 l

195 1333 457 1418 praetermittere
480 1357 544 1400 non
569 1335 743 1414 debemus,
772 1342 808 1401 ut
831 1334 977 1400 conferat
1000 1335 1092 1400 nobis
1117 1333 1279 1420 quandam
1303 1337 1511 1420 praesentiae
1535 1338 1715 1422 portionem
1740 1358 1845 1401 sermo

194 1437 362 1518 mediator,
397 1439 452 1523 qui
490 1438 650 1504 emittitur
682 1461 743 1504 neo
779 1441 949 1520 amittitur,
989 1439 1141 1504 tribuitur
1174 1446 1207 1503 et
1240 1439 1390 1518 habetur,
1425 1439 1553 1505 uidetur
1585 1441 1753 1505 discedere
1785 1461 1845 1506 nec

194 1541 327 1622 recedit,
352 1562 440 1606 ame
456 1541 617 1628 dirigitur,
641 1550 709 1609 ate
726 1543 913 1630 suscipitur,
937 1565 1024 1608 ame
1042 1543 1205 1624 scribitur,
1229 1564 1249 1606 a
1269 1549 1303 1608 te
1326 1544 1446 1628 legitur
1466 1565 1527 1608 nec
1550 1551 1658 1608 tamen
1681 1544 1844 1622 dividitur,

195 1666 268 1709 cum
296 1647 389 1732 quasi
423 1647 548 1712 divisus
579 1649 705 1732 integer
735 1654 845 1712 tamen
877 1647 1045 1733 utriusque
1076 1648 1173 1713 corde
1201 1654 1363 1726 teneatur,
1400 1649 1475 1733 quia
1502 1647 1593 1712 verbi
1624 1669 1714 1713 more
1746 1646 1846 1711 divini

144 1763 170 1802 ¹⁰
197 1749 335 1814 traditur
357 1756 391 1813 et
411 1771 475 1814 non
498 1750 673 1835 egreditur,
698 1751 862 1816 confertur
885 1750 1043 1836 indigenti
1067 1758 1101 1817 et
1115 1772 1179 1815 non
1194 1752 1342 1816 uulcrtur
1357 1753 1492 1830 auctori,
1516 1752 1704 1838 accipientis
1719 1751 1845 1815 lucrum

195 1854 273 1917 sine
289 1853 459 1940 dispendio
483 1854 662 1939 largientis,
685 1856 793 1920 ditans
816 1857 948 1940 inopem
971 1875 1032 1919 nec
1055 1861 1229 1919 attenuans
1247 1876 1483 1941 possessorem.
1520 1855 1668 1942 ideoque,
1691 1856 1845 1919 veniente
1877 1856 1896 1917 2

196 1957 251 2021 1110
274 1956 464 2022 dulcissImo
487 1979 560 2023 meo
590 1965 710 2045 nepote
733 1959 928 2039 Parthenio,
959 1959 1018 2023 has
1042 1959 1231 2046 peripsum
1254 1959 1333 2024 dare
1362 1981 1427 2024 non
1457 1960 1583 2039 distuli,
1616 1967 1652 2023 ut
1679 1967 1712 2023 et
1738 1980 1844 2024 meam

193 2062 287 2126 uobis
314 2063 534 2148 praesentiam
564 2064 680 2128 litteris
710 2064 901 2128 exhiberem
934 2070 968 2128 et
999 2065 1106 2150 ipsum
1138 2065 1259 2151 pariter
1293 2063 1569 2136 commendarem
1606 2064 1659 2127 oui
1694 2063 1845 2148 quicquid

113 2221 116 2226 Δ
194 2165 319 2251 dignati
342 2165 469 2232 fueritis
492 2166 676 2232 dilectionis
700 2168 899 2254 impendere,
921 2168 1015 2233 nobis
1038 2191 1096 2234 vos
1118 2176 1329 2255 praesentare
1353 2169 1518 2234 noveritis.
1562 2168 1722 2253 simulque
1747 2168 1845 2232 etiam
1878 2170 1897 2231 3

143 2284 166 2322 1⁵
194 2270 392 2356 peculiarius
408 2292 498 2356 rogo,
522 2277 559 2335 ut
574 2292 633 2357 pro
650 2292 702 2335 me
719 2272 864 2359 ipsisque
883 2274 1072 2359 pignoribus
1088 2275 1210 2338 nostris
1227 2275 1430 2338 incessanter
1445 2273 1556 2338 oretis.
1591 2293 1653 2336 nec
1666 2271 1846 2358 impediant

194 2374 326 2438 affectui
349 2395 495 2439 amorum
519 2382 702 2440 nostrorum
724 2377 833 2463 spatia
849 2378 1021 2443 interiecta
1037 2379 1219 2462 regionum,
1243 2379 1320 2463 quia
1335 2379 1391 2464 qui
1407 2378 1439 2441 in
1455 2377 1595 2459 domino,
1619 2377 1672 2460 qui
1689 2395 1845 2462 praesens

194 2483 244 2541 est
266 2477 401 2563 ubique,
435 2500 472 2544 se
495 2477 647 2564 diligunt,
679 2501 741 2544 non
766 2480 920 2544 credendi
945 2487 1021 2545 sunt
1043 2482 1197 2566 disparati
1222 2503 1373 2569 corpore,
1406 2501 1478 2544 cum
1509 2480 1580 2566 pari
1607 2481 1638 2544 ln
1668 2501 1706 2544 co
1736 2486 1846 2544 mente

192 2582 379 2665 iungantur.
424 2605 480 2647 ora
502 2603 560 2670 pro
583 2604 646 2647 me.

929 2789 1107 2858 XXXVII.

140 2957 166 2996 ²⁰
337 2945 554 3010 RURIOIUS
578 2944 826 3010 EPISCOPUS
849 2944 1139 3012 DULOISSIMIS
1162 2946 1417 3012 NEPOTIBUS
1441 2943 1708 3012 PARTHENIO

292 3051 293 3054 ’
817 3049 874 3114 ΕΤ
897 3049 1217 3116 PAPIANILLAE.

295 3167 468 3269 Posrounn
492 3197 597 3282 pietas
621 3202 729 3279 uestra
752 3196 922 3278 discessit,
953 3198 1121 3263 dimidium
1145 3220 1218 3264 esse
1242 3199 1439 3279 mecentio,
1472 3199 1548 3284 quia
1576 3197 1751 3262 inanimam
1780 3197 1845 3261 mei
1880 3200 1893 3259 1

192 3304 327 3385 partem,
352 3300 414 3364 hoc
438 3305 490 3364 est
511 3301 701 3366 interiorem
724 3301 898 3382 hominem,
923 3302 1088 3367 residente
1112 3324 1261 3390 corpore,
1284 3305 1453 3369 vobiscum
1470 3303 1657 3367 ambulasse
1673 3321 1844 3386 cognosco,

193 3402 240 3466 ita
262 3409 372 3468 tamen
396 3403 483 3488 quod
506 3409 539 3467 et
561 3425 620 3469 vos
643 3405 677 3467 in
699 3412 834 3490 pectore
857 3427 945 3488 mco,
970 3408 1055 3492 quod
1079 3407 1132 3471 hic
1155 3409 1328 3488 remansit,
1359 3429 1491 3471 manere
1516 3405 1691 3492 conspicio.
1738 3404 1844 3468 saluto
1878 3407 1898 3467 2

139 3519 164 3558 ²⁵
191 3508 301 3593 itaque
332 3507 535 3573 dulcedinem
558 3514 701 3572 vestram
732 3515 780 3590 et,
809 3517 846 3574 ut
872 3511 1047 3576 uerborum
1077 3533 1222 3576 meorum
1252 3532 1414 3576 memores
1447 3511 1534 3589 sitis,
1563 3510 1739 3588 admoneo,
1770 3508 1847 3593 quia

193 3618 317 3677 certum
341 3618 402 3693 est,
424 3634 483 3677 vos
504 3613 597 3677 iuxta
613 3612 795 3678 Salomonis
819 3617 1015 3680 sententiam
1038 3639 1137 3702 posse
1161 3618 1193 3680 iu
1217 3617 1320 3696 bonis,
1344 3615 1406 3679 deo
1430 3615 1602 3699 dirigente,
1626 3614 1794 3700 prolicere,
1818 3613 1846 3675 si

192 3717 359 3780 seniorum
382 3717 520 3781 consilia
542 3723 576 3781 et
598 3719 699 3782 amori
722 3717 906 3783 habeantur
929 3724 963 3783 ct
984 3721 1069 3785 usui.
1116 3727 1193 3807 opto
1216 3719 1303 3784 bene
1327 3720 1442 3804 agatis.

921 4031 1117 4097 XXXVIII.
1217 4025 1218 4028 '

465 4182 682 4250 RURIOIUS
705 4185 954 4252 EPISCOPUS
978 4187 1148 4253 FRATRI
1170 4186 1319 4253 PETRO
1342 4186 1573 4254 EPISCOPO.

139 4336 165 4374 ³⁰
304 4296 399 4407 Qum
422 4331 633 4396 oboedientia
656 4335 825 4398 sacrificiis
848 4335 1039 4417 antefertur,
1071 4335 1191 4401 idcirco
1221 4337 1436 4400 rusticitatem
1465 4355 1571 4398 meam
1595 4333 1681 4398 malo
1704 4333 1843 4418 prodere
1879 4339 1889 4396 l

193 4454 289 4517 quam
312 4432 450 4518 perdere
480 4435 663 4499 caritatem:
696 4439 885 4503 scientia
912 4441 1020 4506 enim
1053 4439 1195 4522 inflat,
1224 4441 1400 4520 caritas,
1431 4444 1468 4502 ut
1495 4438 1558 4523 ipsi
1586 4437 1701 4500 melius
1731 4438 1843 4516 nostis,

192 4536 307 4602 aedil
315 4538 409 4604 icat.
454 4559 551 4624 quam
575 4539 616 4604 ob
640 4561 724 4621 rem,
754 4543 830 4628 quia
852 4544 1006 4624 iussistis,
1035 4551 1072 4607 ut
1093 4565 1151 4608 vos
1175 4543 1403 4630 persingulas
1427 4541 1616 4606 occasiones
1641 4546 1675 4604 ct
1697 4538 1738 4603 de
1761 4541 1843 4603 meis
1876 4542 1895 4602 2

192 4640 320 4705 actibus
349 4640 492 4705 lacerem
522 4644 678 4709 certiores
710 4652 743 4711 et
773 4645 971 4711 desiderium
1001 4654 1160 4730 vestrum,
1196 4647 1281 4733 quod
1316 4646 1393 4711 mihi
1427 4667 1491 4710 nou
1526 4665 1598 4708 meo
1633 4643 1749 4707 merito
1785 4643 1843 4706 sed

191 4746 337 4831 generali
376 4753 409 4811 et
445 4746 544 4811 insitu
576 4748 670 4812 vobis
709 4750 885 4815 dilectione
926 4750 1132 4838 dependitis,
1173 4751 1316 4836 alloquio
1350 4756 1585 4834 temperarem,
1627 4767 1678 4810 me
1713 4746 1844 4831 quidem

294 4986 328 5040 27
347 4988 427 5043 Prov.
446 4988 508 5054 Xll,
527 4990 568 5046 lh.
655 4991 688 5044 31
709 4991 729 5045 l.
743 4991 803 5047 Cor.
817 4990 892 5056 VIII,
911 4992 935 5047 1.

296 5145 376 5214 siqui
390 5175 421 5183 —
437 5146 467 5199 11
481 5148 661 5216 possessorem]
679 5167 736 5202 mm
753 5151 864 5218 epistula
878 5150 950 5216 II,5
968 5151 1005 5203 ad
1022 5153 1125 5203 uerbrrm
1136 5153 1198 5219 sere
1216 5152 1366 5202 conueniunt
1435 5146 1613 5200 occasioniaG
1716 5141 1844 5197 Imedia·

190 5230 241 5301 tor]
262 5234 381 5285 Carisius
398 5235 472 5300 corsi,
490 5237 624 5289 meditator
643 5237 675 5302 0,
697 5239 834 5290 meditatur
850 5255 933 5304 supra
952 5238 994 5303 ΙΙ,
1011 5244 1027 5290 6
1112 5239 1260 5290 discendere
1281 5239 1313 5301 G,
1333 5244 1361 5286 ut
1379 5252 1460 5301 surpra
1480 5233 1553 5297 Iao
1672 5230 1690 5282 9
1707 5231 1801 5298 integri
1822 5233 1845 5282 G

192 5317 223 5370 ll
236 5321 336 5372 dictans
347 5321 379 5384 0,
395 5329 424 5371 ut
435 5339 517 5388 supro
526 5322 591 5386 ῙΙ,6
679 5321 712 5374 12
723 5321 867 5392 parthenio]
880 5325 981 5392 serpsi,
993 5327 1028 5392 cs.
1040 5325 1115 5392 (ἶνες.
1130 5325 1190 5375 Ihr.
1203 5324 1260 5376 hist.
1273 5324 1321 5374 Fr.
1332 5323 1391 5387 111,
1400 5325 1443 5385 36,
1461 5319 1638 5388 parthemioG
1726 5317 1759 5370 13
1776 5335 1843 5370 com-

190 5407 348 5459 mendaret}
466 5406 500 5460 ll
517 5418 662 5477 presentare
677 5411 709 5474 0,
730 5419 858 5479 praestare
877 5413 941 5462 cont
955 5412 1104 5477 Int'tjohanu
1221 5409 1253 5462 15
1271 5409 1470 5462 incensantch
1592 5405 1624 5456 16
1642 5422 1758 5471 qmcrum
1776 5423 1844 5456 corr.

190 5509 305 5544 amorum
326 5493 364 5545 0²
488 5494 520 5547 l'l
538 5494 671 5565 disparati]
694 5499 729 5565 cs.
747 5515 829 5564 aspra
841 5515 871 5564 p.
884 5501 941 5562 312,
959 5499 976 5548 l.
989 5501 1021 5549 25
1106 5495 1176 5564 cum]
1195 5495 1245 5564 ull
1263 5496 1307 5562 (cr'r
1325 5497 1409 5562 mppl.
1426 5495 1476 5560 θ’)
1498 5495 1521 5546 0
1601 5489 1666 5561 pari]
1686 5491 1844 5558 Int'tjohann,

160 5619 161 5622 ¹
191 5582 251 5644 P&
271 5581 302 5643 0,
326 5582 421 5649 pariter
440 5583 558 5634 threicius
688 5583 724 5635 20
746 5585 887 5652 parthemio
908 5585 931 5636 (I
1061 5583 1095 5635 22
1116 5581 1259 5651 dimidium]
1281 5583 1312 5646 0,
1336 5583 1433 5633 scribas
1451 5581 1585 5632 diuisum?
1605 5587 1633 5628 ut
1650 5595 1732 5644 aspro
1745 5595 1774 5644 p.
1791 5581 1845 5640 311,

191 5666 208 5718 l.
222 5671 245 5717 9.
263 5669 319 5732 318,
338 5669 401 5718 137
503 5667 537 5719 23
554 5685 681 5736 cognosce
698 5687 765 5721 corn
784 5688 912 5738 cognosco
927 5671 964 5722 0¹
1069 5669 1104 5721 24
1122 5667 1252 5736 remansit]
1272 5686 1320 5720 uos
1336 5668 1462 5735 repetitu}
1565 5664 1599 5716 33
1613 5661 1680 5730 meo]
1699 5681 1792 5715 ecorr.
1805 5663 1843 5714 0¹

189 5749 224 5803 34
247 5753 344 5820 alloqui
365 5754 388 5804 0
457 5756 560 5822 quidam
577 5773 652 5808 uersu
670 5765 775 5808 meante
795 5759 836 5808 0:
853 5758 901 5809 deo
920 5757 1003 5824 mcppl.
1025 5757 1144 5808 threicius

1576 5869 1634 5926 43·
