4560 6434
1041 368 1182 424 RUliICII
1201 367 1461 424 EPISTULARUM

1197 629 1304 695 LVII.

899 766 1012 833 ITEM
1035 766 1146 832 ALIA
1169 766 1343 834 RURIUII
1365 767 1428 832 AD
1453 765 1602 832 IPSUM.
1660 813 1662 816 -

374 893 385 952 ¹
531 868 639 964 Aure
662 897 750 963 diem
773 917 869 984 quam
893 897 1020 960 litteras
1043 903 1173 961 vestrae
1197 897 1381 962 sanctitatis
1404 897 1603 984 acceperim,
1634 896 1936 985 compresbyterum
1959 922 2084 982 meum,

424 1001 518 1082 sieut,
542 1001 613 1087 ipso
636 1001 811 1082 referente,
835 1000 985 1086 poteritis
1008 1021 1201 1085 agnoscere,
1225 999 1266 1066 ad
1290 1002 1541 1086 germanitatem
1557 1008 1701 1068 vestram
1725 1002 1757 1066 in
1782 1002 1897 1067 eadem
1921 1025 1986 1091 qua
2001 1005 2086 1069 mihi

423 1105 600 1191 scripsistis
624 1126 724 1171 causa
747 1104 949 1180 direxeram,
977 1109 1027 1184 ut,
1059 1103 1135 1190 quia
1157 1103 1238 1168 mibi
1260 1125 1325 1168 non
1349 1105 1452 1168 solnm
1476 1105 1547 1191 ipse
1571 1104 1658 1169 lilius
1681 1108 1793 1169 noster
1815 1104 1998 1193 Eparehius
2022 1108 2083 1174 sed
2126 1123 2138 1160 ⁵

424 1209 523 1274 etiam
558 1210 662 1275 frater
695 1230 773 1274 suus
807 1208 961 1274 flebiIIter
1001 1229 1061 1295 per
1100 1208 1229 1273 litteras
1268 1208 1505 1295 supplicarent,
1547 1208 1746 1296 apostolatui
1780 1215 1889 1274 vestro
1928 1219 2086 1298 precator

371 1312 391 1372 2
423 1309 627 1379 accederem.
672 1314 790 1400 quibus
815 1319 848 1376 et
877 1312 1083 1377 consessione
1113 1312 1231 1398 culpae
1260 1319 1293 1377 et
1321 1311 1552 1398 deprecatione
1577 1311 1693 1377 reniae
1724 1318 1758 1378 et
1786 1316 2084 1400 consanguinitatis

424 1413 543 1480 affectu
573 1417 760 1503 compulsus
789 1414 924 1498 indulsi,
955 1415 1031 1501 qnia
1057 1436 1117 1480 vos
1146 1416 1225 1480 mihi
1257 1438 1356 1503 super
1383 1417 1444 1482 hac
1473 1438 1508 1482 re
1537 1416 1717 1502 scripturos
1747 1436 1821 1481 esse
1851 1437 1916 1481 non
1946 1419 2083 1486 credidi.

372 1519 391 1580 3
423 1518 481 1583 sed
505 1521 580 1605 quia
603 1519 821 1585 bumilitatem
844 1540 951 1584 meam
974 1518 1100 1605 dignati
1124 1521 1204 1585 estis
1229 1541 1287 1606 pro
1312 1543 1352 1586 ea
1374 1541 1458 1606 quae
1482 1520 1567 1584 inter
1588 1540 1648 1583 nos
1672 1525 1724 1583 eet
1745 1517 1807 1584 deo
1829 1520 1969 1606 propitio
1994 1522 2081 1588 eari-

421 1628 490 1687 tate
514 1625 697 1706 consulere,
722 1631 758 1690 ut
781 1624 885 1704 vobis,
909 1630 1017 1688 utrum
1040 1623 1127 1689 iusta
1149 1613 1240 1688 esset
1263 1631 1372 1689 vestra
1394 1622 1566 1703 districtio,
1596 1623 1677 1687 meis
1700 1623 1906 1709 potissimum
1930 1624 2082 1712 apicibus
2114 1641 2141 1679 1⁰

421 1725 615 1810 indicarem,
647 1728 729 1793 sciat
758 1728 897 1793 domnus
926 1748 1035 1809 meus,
1066 1725 1153 1814 qnod
1187 1749 1248 1812 ego
1279 1728 1401 1791 lactum
1430 1734 1575 1791 vestrum
1607 1732 1640 1791 et
1669 1727 1771 1814 probo
1803 1733 1836 1792 et
1866 1729 2017 1795 collaudo
2048 1739 2102 1797 et

423 1829 636 1896 vehementer
664 1831 821 1906 admiror;
851 1831 943 1914 quia,
975 1829 1051 1895 dum
1082 1833 1138 1896 uni
1168 1832 1200 1895 in
1230 1830 1404 1917 desperato
1427 1851 1487 1916 per
1516 1828 1772 1894 admonitionem
1795 1830 1896 1916 gladii
1920 1833 2080 1920 spiritalis

422 1954 480 2020 pro
504 1932 671 2000 reddenda
694 1934 801 1999 salute
825 1933 980 1999 intulistis
1005 1932 1162 2013 dolorem,
1186 1934 1296 1998 multis
1320 1933 1503 1997 contulistis
1525 1933 1758 2018 languentibus
1776 1936 1963 2001 sanitatem:
1988 1939 2084 2002 multi

371 2041 390 2100 t
424 2038 543 2102 etenim
567 2039 601 2102 in
618 2038 769 2116 ecclesia,
794 2039 848 2123 qui
865 2039 971 2102 curari
988 2044 1155 2122 nequeunt
1170 2036 1282 2118 verbo,
1306 2043 1464 2101 sanantur
1480 2036 1643 2123 exemplo.
1682 2043 1844 2122 superest,
1868 2040 2082 2106 severitatem

424 2141 647 2206 misericordia
681 2141 909 2226 subsequatur,
943 2147 980 2204 ut
1014 2141 1180 2226 recipiatis
1216 2140 1353 2205 lenitate
1383 2142 1487 2226 patris
1521 2161 1618 2226 quem
1649 2141 1853 2226 corripuistis
1885 2145 2082 2211 auctoritate
2114 2160 2141 2198 ¹⁵

362 2325 363 2328 Ἴ
422 2244 600 2329 pontilicis,
632 2249 665 2310 et
694 2245 787 2310 iuxta
818 2245 910 2308 illum
939 2245 1165 2329 evangelicum
1194 2243 1390 2324 invocantis,
1421 2265 1517 2328 quem
1545 2265 1605 2308 nos
1633 2264 1694 2330 per
1724 2245 1835 2309 omnia
1864 2253 1898 2311 et
1926 2248 2018 2334 sequi
2048 2257 2083 2315 et

423 2353 553 2436 oportet
574 2347 705 2426 imitari,
729 2349 783 2433 qui
805 2348 873 2412 filio
896 2353 1052 2434 paternae
1076 2348 1282 2412 substantiae
1305 2346 1470 2412 decoctori
1494 2354 1527 2412 et
1549 2347 1677 2413 lacinus
1701 2349 1866 2415 confitenti
1889 2373 1954 2416 non
1974 2353 2080 2419 solum

423 2453 553 2518 veniam
577 2453 755 2517 clementer
777 2453 950 2539 impertiit,
981 2473 1094 2516 verum
1119 2453 1218 2516 etiam
1241 2452 1411 2538 pristinam
1442 2452 1582 2536 gratiam
1608 2450 1750 2516 libenter
1778 2453 1929 2536 indulsit,
1958 2463 1991 2521 et
2019 2479 2082 2522 nos

423 2554 656 2620 condoleamus
678 2555 787 2641 lapso,
818 2555 1050 2621 subveniamus
1074 2555 1199 2635 attrito,
1231 2555 1470 2640 amplectamur
1496 2576 1679 2636 reversum,
1703 2556 1874 2622 'laetemur
1902 2558 2082 2628 inventum.

371 2661 390 2720 5
423 2658 510 2744 quod
533 2665 567 2723 et
589 2660 809 2745 apostolatum
832 2665 978 2725 vestrum
1002 2665 1181 2744 propterea
1202 2658 1322 2723 fecisse
1346 2665 1455 2722 certus
1484 2680 1572 2741 sum,
1603 2665 1639 2724 ut
1665 2660 1834 2745 paululum
1861 2661 2081 2728 infirmantem
2112 2678 2140 2717 2⁰

422 2762 523 2826 tilium
555 2761 775 2827 excluderetis
798 2784 819 2827 a
844 2769 965 2844 matre,
997 2769 1034 2827 ut
1064 2783 1138 2827 eum
1166 2762 1230 2849 ipsi
1260 2767 1336 2848 post
1365 2762 1528 2827 modicum
1557 2765 1777 2828 restitueretis
1805 2765 2016 2848 ineolumem,
2048 2775 2084 2834 et

422 2887 497 2930 curn
522 2867 763 2932 contristaretis
787 2865 827 2931 ad
851 2873 991 2953 tempus,
1015 2866 1143 2951 dequo
1166 2865 1311 2951 gaudere
1335 2867 1565 2954 concupiscitis
1588 2867 1621 2931 in
1645 2872 1825 2933 aeternum.

1190 3123 1315 3190 LVIII.

713 3261 929 3330 RURIOIUS
954 3261 1200 3328 EPISOOPUS
1224 3262 1348 3328 FILIO
1373 3259 1551 3368 suvuuo
1576 3259 1800 3331 SALUTEM.

373 3388 386 3447 1
529 3363 785 3459 Nnaaaaammu
822 3399 965 3458 nostram
1002 3397 1101 3478 atque
1140 3391 1303 3478 pigritiam
1341 3412 1398 3456 vos
1439 3391 1621 3472 exerrsatis,
1661 3413 1726 3457 non
1762 3393 1914 3478 arguitis,
1951 3401 1985 3459 et
2021 3416 2082 3461 nos
2112 3411 2140 3451 2⁵

371 3499 391 3560 2
422 3496 591 3562 beneflciis
616 3504 649 3562 et
673 3496 788 3562 olfioiis
812 3497 930 3561 vestris
954 3497 1162 3582 agnoscimus
1186 3496 1360 3561 debitores.
1398 3495 1456 3561 sed
1480 3497 1547 3561 seio
1570 3496 1633 3562 hoo
1657 3496 1783 3563 sincero
1807 3518 1916 3564 amore
1940 3519 2003 3584 quo
2019 3520 2079 3566 nos

422 3601 557 3688 diligitis
585 3602 695 3668 faeere
724 3608 822 3688 atque
850 3601 1013 3688 perfecto,
1045 3603 1122 3689 quia
1152 3622 1267 3688 parum
1296 3608 1347 3666 est
1370 3602 1496 3666 caritati
1520 3606 1663 3680 vestrae,
1695 3599 1782 3687 quod
1805 3602 1900 3666 nobis
1924 3602 2080 3685 tribuitis,

321 3705 323 3708 ’
422 3704 499 3770 dum
535 3711 621 3771 totos
656 3728 714 3771 ros
750 3705 844 3770 nobis
879 3711 913 3769 et
947 3705 1065 3770 cotidie
1098 3704 1289 3792 impendere
1326 3703 1532 3770 desideratis.
1584 3702 1642 3769 sed
1675 3704 1769 3768 nobis
1805 3705 1885 3770 satis
1914 3726 2079 3792 superque

371 3811 389 3872 3
423 3808 588 3874 sufficeret
614 3809 846 3876 benevolentia
868 3816 936 3873 tam
959 3809 1101 3896 prompti
1124 3809 1237 3889 animi,
1268 3808 1395 3872 etiarnsi
1420 3807 1593 3872 assiduitas
1618 3806 1750 3871 deesset
1773 3805 1934 3892 obsequii.
1980 3809 2080 3890 unde,

423 3911 619 3977 salutatione
636 3911 794 3999 depensa,
819 3913 941 3998 gratias
964 3934 1025 3999 ago
1042 3912 1207 3978 uberrime
1229 3911 1345 3996 pietati
1360 3916 1499 3991 vestrae,
1518 3910 1602 3997 quod
1620 3931 1698 3994 erga
1712 3930 1765 3972 me
1781 3909 1886 3973 bonae
1903 3913 2080 3978 momoriae
2111 3927 2139 3966 ³⁰

425 4015 527 4103 patris
551 4016 654 4080 vestri
679 4037 742 4080 non
767 4017 872 4082 solum
896 4019 1056 4097 retinetis,
1081 4015 1139 4081 sed
1162 4015 1261 4080 etiam
1284 4013 1410 4078 vicistis
1433 4015 1597 4080 allectum.

1206 4272 1295 4340 LIX.

649 4408 867 4476 RURICIUS
890 4407 1137 4475 EPISUOPUS
1161 4410 1284 4477 FILIO
1309 4409 1603 4478 STHORAOHIO
1628 4407 1851 4475 SALUTEM.

375 4551 385 4610 1
530 4527 619 4622 Auo
644 4563 741 4644 atque
765 4557 872 4622 habeo
894 4557 1013 4622 uberes
1036 4556 1158 4643 gratias
1182 4557 1298 4644 pietati
1320 4564 1468 4640 vestrae,
1498 4556 1582 4644 quod
1611 4575 1669 4620 nos
1698 4555 1943 4640 neglegentiam
1972 4553 2080 4619 famu-

423 4661 528 4726 lorum
557 4666 742 4726 nostrorum
770 4661 889 4740 rescire
916 4660 1057 4741 fecistis,
1086 4661 1162 4726 dum
1192 4661 1440 4728 subvectionem
1469 4682 1663 4747 congruam,
1693 4680 1789 4746 quam
1819 4659 1912 4724 nobis
1941 4657 2080 4722 callidus
2110 4669 2136 4710 ³⁵

526 4870 560 4922 16
578 4867 643 4922 Luc
662 4866 723 4922 XV.

525 4989 676 5043 2rurici0
771 4987 1240 5058 deomprosbyterumltlloeebioium,
1254 4993 1287 5058 cs.
1300 4993 1488 5058 capream,
1501 4991 1563 5042 tar
1658 4985 1797 5056 lquibas]
1811 4987 1972 5054 Ls'r'tjoltonu,
1989 4987 2035 5052 qui
2052 4985 2085 5051 G,

421 5080 465 5132 oui
483 5079 549 5131 corti.
562 5078 706 5130 Moatmaen
770 5078 956 5129 contessionem
972 5079 996 5128 G
1095 5076 1443 5146 10u2]L1ujotana,ao
1544 5075 1575 5127 11
1594 5072 1752 5140 domnus]0
1852 5072 1884 5124 12
1902 5074 1929 5124 in
1947 5073 2081 5139 desperato

421 5165 574 5232 (subaudias
598 5161 685 5230 casu)]
712 5163 777 5214 corsi.
796 5162 952 5228 anmeen,
979 5164 1133 5231 indisperato
1154 5163 1177 5215 G
1281 5161 1413 5232 spiritalis]
1439 5164 1504 5216 coni.
1525 5163 1656 5227 Oanisius,
1686 5162 1800 5230 spiritale
1823 5178 1890 5212 corr.
1912 5159 2021 5228 spiritali
2042 5159 2081 5210 0¹

423 5250 456 5304 14
473 5248 600 5320 superest]
618 5259 649 5304 ut
666 5251 750 5318 suppl.
763 5248 914 5317 lattjolraan
1019 5249 1052 5302 15
1074 5249 1244 5302 lenitatsmdl
1349 5248 1382 5302 16
1405 5248 1559 5315 innocentis]
1581 5250 1613 5314 o,
1634 5249 1759 5301 invocetis
1777 5247 1920 5299 mandauit
1937 5245 2083 5297 Mommsen

422 5335 454 5388 17
473 5339 605 5405 oportit&
673 5333 811 5403 decoctori]
830 5337 937 5405 cs.1,2.
956 5335 998 5400 II,
1012 5339 1046 5388 23
1150 5334 1183 5387 18
1205 5337 1334 5404 impertiit,
1351 5334 1455 5402 uerum]
1476 5336 1602 5400 Oenidae,
1619 5337 1722 5403 inparti.
1740 5332 1872 5387 iterumG
1975 5329 2009 5382 19
2026 5347 2081 5383 am-

422 5425 563 5491 plectamur
580 5443 648 5477 corr.
666 5427 853 5493 amplectamur
867 5425 891 5476 0
898 5424 906 5454 ¹
993 5421 1027 5474 21
1046 5421 1181 5490 eum]1.1.
1197 5423 1236 5474 0¹
1290 5423 1450 5476 incolomeno
1465 5425 1489 5474 θ
1578 5421 1613 5474 25
1630 5439 1679 5474 uos
1696 5421 1835 5484 excusatis,
1853 5414 1916 5484 non]
1930 5415 2084 5482 manasen,

421 5527 473 5560 non
490 5527 538 5563 uos
555 5512 722 5564 excusatisO
819 5508 854 5561 28
871 5506 929 5575 nos]
949 5509 1048 5562 suosO
1146 5506 1180 5560 29
1198 5507 1263 5576 tam]
1283 5509 1441 5576 laeetana,
1459 5527 1536 5576 quarn
1558 5509 1580 5560 G
1638 5509 1737 5561 etiamsi
1754 5502 1900 5571 assiduitas]
1913 5504 2075 5570 bajolans,

421 5598 497 5649 etiam
522 5599 630 5652 siduitas
649 5601 686 5663 G,
712 5606 739 5651 et
759 5597 897 5650 assiduitas
920 5596 1051 5659 Cbniriaa,
1081 5597 1129 5646 etsi
1156 5596 1292 5648 assiduitas
1311 5595 1454 5647 Mommsen
1594 5593 1629 5647 30
1650 5595 1792 5647 uberrimae
1814 5593 1837 5644 G
1935 5591 2036 5658 pietatis
2059 5591 2083 5641 0

420 5681 452 5734 31
470 5685 590 5751 mussa
693 5684 728 5738 33
744 5678 900 5748 sthorachio]
916 5682 947 5745 0,
964 5683 981 5733 i.
1000 5700 1020 5734 e.
1033 5679 1199 5753 Σταυράκιος
1303 5681 1338 5735 35
1356 5681 1460 5750 resono]
1475 5683 1635 5751 Lrltjolranrr,
1652 5684 1751 5734 nescire
1768 5681 1799 5746 0,
1816 5682 1881 5734 noire
1894 5679 2017 5754 Basnape
