4612 6428
1075 371 1213 427 SIDONII
1232 371 1431 428 CARMINUM

785 549 831 612 sic
855 546 993 612 sedeant
1017 547 1182 612 elementa
1204 546 1320 628 modis,
1344 554 1381 614 ut
1403 549 1549 634 pondere
1574 548 1701 634 magnis

785 652 827 715 sit
849 651 942 716 locus
967 650 1119 728 inferior;
1143 650 1251 716 media
1276 653 1395 717 tellure
1418 652 1505 737 quod
1527 659 1638 717 autem

786 753 933 839 perfecte
957 752 1102 818 medium
1126 759 1187 834 est,
1211 754 1312 817 imum
1336 759 1428 840 patet
1450 775 1524 820 esse
1548 755 1691 826 rotundi:

743 872 753 907 r.
788 857 863 921 hinc
886 858 967 938 lieri,
993 864 1029 921 ut
1052 864 1171 922 terram
1195 858 1297 922 levior
1320 859 1540 944 superemicet
1562 859 1660 940 unda,

786 961 881 1025 altior
902 961 953 1026 bis
977 981 1105 1046 quoque
1129 961 1171 1025 sit
1194 962 1249 1046 qui
1273 962 1384 1046 purior
1407 961 1529 1026 eminet
1552 983 1619 1042 aer,

786 1068 895 1132 omnia
918 1065 1092 1131 concludat
1116 1066 1243 1131 caelum
1267 1066 1402 1131 levitate
1426 1087 1589 1151 suprema,

786 1170 932 1257 pendeat
956 1177 990 1236 et
1012 1176 1116 1235 totum
1141 1170 1237 1233 simul
1262 1169 1323 1233 hoc
1346 1168 1387 1233 ab
1412 1170 1538 1254 origine
1562 1171 1675 1236 centri.

785 1273 907 1340 Thales
930 1275 983 1339 hic
1006 1276 1106 1340 etiam
1128 1274 1273 1339 numeris
1297 1275 1456 1360 perquirit
1479 1281 1512 1338 et
1535 1275 1642 1352 astris

729 1393 755 1430 ⁸0
786 1378 950 1443 defectum
975 1386 1012 1444 ut
1035 1378 1162 1444 Phoebi
1184 1399 1244 1442 nec
1268 1399 1333 1442 non
1356 1378 1535 1463 Lunaeque
1558 1379 1706 1444 lahorem

787 1484 915 1548 nuntiet
938 1484 1099 1556 anteriua3
1124 1482 1183 1547 sed
1205 1483 1304 1547 rebus
1328 1482 1444 1546 inutile
1468 1483 1561 1568 ponit

785 1587 990 1673 principium,
1015 1586 1092 1651 dum
1115 1586 1219 1652 credit
1242 1586 1336 1670 aquis
1361 1586 1541 1651 subsistere
1565 1585 1730 1651 mundum.

785 1690 881 1756 huius
905 1689 1057 1776 discipuli
1080 1711 1178 1754 versa
1200 1697 1251 1754 est
1275 1689 1441 1754 sententia
1464 1689 1577 1754 dicens

788 1794 957 1880 principiis
980 1794 1121 1880 propriis
1145 1814 1277 1879 semper
1300 1815 1352 1858 res
1376 1814 1522 1878 quasque
1547 1795 1662 1874 creari,

744 1913 755 1946 ι’»
789 1899 920 1984 singula
944 1899 998 1984 qui
1022 1897 1179 1982 quosdam
1203 1897 1312 1961 fontes
1335 1896 1485 1962 decernit
1507 1897 1630 1963 habere

786 2008 955 2066 aeternum
979 2002 1119 2086 irriguos
1144 2023 1182 2066 ac
1206 2022 1313 2066 rerum
1339 2002 1462 2065 semine
1486 2001 1611 2088 plenos.

786 2105 872 2172 huno
897 2106 995 2170 etiarn
1021 2107 1176 2191 sequitur,
1202 2107 1256 2191 qui
1281 2107 1417 2191 gignere
1442 2112 1560 2170 cuncta
1582 2105 1719 2191 putabat

786 2211 872 2274 hunc
896 2231 1017 2288 aerem,
1041 2210 1229 2296 pariterque
1251 2209 1331 2274 deos
1354 2211 1400 2274 sio
1424 2217 1572 2274 autumat
1595 2217 1694 2276 ortos.

787 2319 924 2398 quartus
947 2313 1165 2397 Anaxagoras
1190 2312 1362 2378 Thaletica
1385 2313 1540 2399 dogmata
1563 2323 1682 2386 serrat,

789 2416 847 2481 sed
870 2416 1016 2480 divinum
1040 2417 1184 2480 animum
1208 2418 1317 2496 sentit,
1344 2417 1400 2502 qui
1423 2417 1538 2481 lecerit
1561 2417 1684 2482 orbem.

788 2522 894 2586 iunior
919 2520 994 2586 huic
1017 2521 1148 2585 iunctus
1174 2521 1296 2586 residet
1320 2521 1456 2606 collega,
1481 2521 1539 2586 aed
1562 2521 1679 2612 idem'

790 2627 960 2691 materiam
985 2627 1109 2690 cunctis
1134 2626 1293 2690 creaturis
1316 2647 1393 2690 aera
1417 2625 1553 2690 credens

789 2730 911 2796 iudicat
934 2730 1010 2795 inde
1034 2730 1143 2810 deum,
1166 2731 1291 2795 faceret
1314 2751 1377 2815 quo
1401 2737 1529 2811 cuncta,
1551 2731 1678 2796 tulisse.

788 2841 862 2922 post
885 2835 946 2900 bos
969 2834 1138 2900 Arcesilas
1162 2835 1272 2900 divina
1294 2841 1404 2899 mente
1427 2842 1575 2921 paratam

790 2940 910 3004 conicit
933 2939 1018 3004 hanc
1042 2941 1172 3018 molem,
1197 2939 1381 3004 conlectam
1405 2940 1552 3024 partibus
1575 2939 1651 3019 illis,

789 3063 870 3128 quas
894 3049 1020 3107 atomos
1047 3050 1141 3108 vocat
1164 3043 1234 3129 ipse
1258 3044 1360 3109 leves.
1406 3043 1572 3108 Socratica
1593 3050 1668 3130 post
1692 3044 1777 3109 bunc
1859 3095 1864 3104 .

789 3154 880 3212 secta
904 3147 1012 3228 micat,
1036 3168 1120 3232 quae
1144 3147 1184 3213 de
1209 3156 1346 3214 naturae
1369 3148 1512 3235 pondere
1535 3149 1680 3234 migrans

788 3251 831 3316 ad
854 3273 960 3316 mores
984 3252 1151 3318 hominurn
1176 3253 1336 3318 limandos
1360 3253 1527 3318 transtulit
1548 3275 1653 3320 usum.

789 3355 873 3421 hanc
897 3362 1020 3420 sectam
1045 3356 1220 3442 perhibent
1245 3378 1407 3422 summurn
1431 3357 1617 3422 excoluisse
1641 3358 1791 3435 Platona,

682 3549 684 3552 Ι
789 3460 847 3524 sed
872 3459 991 3546 triplici
1015 3461 1174 3526 formasse
1199 3462 1304 3540 modo,
1329 3461 1406 3525 dum
1429 3461 1553 3545 primus
1578 3468 1612 3526 et
1634 3483 1718 3526 unus

789 3563 924 3649 physica
948 3564 999 3628 vel
1023 3564 1140 3650 logico,
1166 3565 1307 3650 logicum
1330 3565 1382 3630 vel
1406 3565 1512 3650 iungit
1534 3564 1576 3629 ad
1599 3566 1704 3631 ethos.

788 3669 912 3733 invenit
935 3668 988 3733 hic
1012 3670 1164 3755 princeps
1187 3669 1265 3754 quid
1288 3669 1393 3755 prima
1416 3669 1561 3734 essentia
1585 3669 1683 3735 distet

788 3781 958 3836 asummo
982 3779 1144 3856 sextoque
1169 3771 1265 3851 hono,
1290 3793 1362 3836 curn
1386 3771 1528 3857 denique
1552 3795 1634 3838 saxa

788 3877 853 3941 sint
876 3883 1001 3943 tantum
1026 3877 1222 3963 penitusque
1246 3876 1327 3940 nihil
1352 3877 1415 3941 uisi
1439 3899 1513 3941 esse
1536 3878 1730 3962 probantum

788 3982 936 4067 proxima
953 3980 1142 4061 succedant,
1159 3980 1278 4066 quihus
1295 4001 1370 4045 esse
1385 3987 1418 4044 et
1430 3981 1540 4045 vivere
1555 3988 1741 4067 promptum
1757 3989 1819 4061 est,

787 4084 908 4150 addere
933 4085 1006 4170 quis
1029 4085 1136 4170 possis
1160 4085 1205 4148 nil
1228 4085 1378 4170 amplius,
1402 4085 1499 4149 arhor
1522 4075 1555 4149 et
1578 4085 1698 4160 herba,

787 4189 887 4253 tertia
910 4189 954 4253 sit
976 4210 1143 4274 pecorum,
1166 4209 1303 4274 quorum
1328 4209 1402 4253 esse
1428 4197 1461 4252 et
1484 4188 1594 4252 vivere
1618 4195 1707 4252 motu

788 4315 851 4358 non
876 4298 967 4358 caret
990 4298 1024 4357 et
1048 4313 1165 4365 sensu;
1190 4293 1344 4357 mortales
1367 4297 1483 4376 quarta
1508 4289 1626 4357 deiude

788 4397 945 4482 respiciat
967 4396 1093 4461 lactura
1117 4417 1204 4476 suos,
1229 4396 1348 4481 quihus
1368 4417 1453 4474 esse,
1477 4397 1612 4474 moveri,

719 4515 758 4553 ¹¹⁰
788 4501 900 4565 vivere
924 4521 997 4565 cum
1021 4501 1251 4578 accendatur,
1276 4506 1309 4564 et
1333 4498 1555 4585 supereminet
1577 4499 1667 4578 illud,

789 4602 876 4688 quod
899 4605 1032 4689 sapiunt
1054 4625 1197 4689 veroque
1220 4605 1332 4668 valent
1354 4602 1544 4668 discernere
1568 4603 1703 4678 falsum;

788 4707 902 4792 quinta
926 4713 1093 4773 creaturas
1117 4729 1253 4794 superas
1277 4707 1461 4772 substantia
1483 4706 1610 4792 prodat,

788 4831 869 4896 quas
894 4811 1024 4897 quidam
1049 4812 1162 4877 dixere
1186 4813 1275 4890 deos
1300 4813 1376 4896 quia
1398 4831 1537 4897 corpora
1560 4819 1689 4876 sumant

524 5089 556 5143 73
575 5089 667 5156 media]
686 5092 777 5143 modus
795 5091 824 5141 F
935 5088 968 5141 74
987 5107 1067 5142 unum
1086 5089 1139 5141 PF
1251 5088 1283 5141 75
1306 5091 1347 5141 hic
1365 5091 1437 5143 seieri
1455 5091 1481 5142 P
1555 5091 1719 5158 superemioit
1736 5091 1765 5143 F
1875 5090 1907 5144 76
1925 5095 2017 5146 emicet
2035 5093 2079 5144 Ρ·

422 5177 455 5231 78
473 5182 577 5246 origene
595 5179 624 5230 F
725 5175 758 5228 79
776 5179 841 5231 talea
859 5179 913 5230 ΡΤ
1010 5175 1045 5228 80
1063 5178 1197 5243 depactum
1218 5177 1258 5227 Pa
1362 5176 1395 5228 81
1415 5178 1505 5230 inulile
1524 5179 1567 5230 Ρ·
1636 5176 1715 5245 ponit]
1734 5179 1784 5229 fnit
1801 5177 1830 5228 F
1929 5177 1963 5230 8⁴2
1981 5182 2077 5232 eredita

420 5268 478 5333 quis
492 5266 517 5316 P
602 5255 794 5317 83substantia
808 5265 848 5314 T*
901 5265 974 5315 diens
987 5262 1015 5313 F
1098 5263 1131 5314 84
1145 5280 1320 5329 quascumque
1333 5264 1461 5315 creaviF
1543 5263 1577 5315 85
1596 5263 1711 5329 quisdam
1726 5261 1753 5312 F
1836 5262 1870 5314 88
1883 5264 1996 5331 hunam]
2009 5283 2078 5331 nera,

420 5371 467 5404 nos
485 5353 663 5411 Wilamoroitaf
687 5353 731 5419 qui
749 5349 920 5419 [immensum]
937 5352 1044 5418 gignere
1063 5358 1157 5402 cuneta
1174 5347 1177 5414 l
1193 5368 1251 5400 aera
1267 5351 1302 5400 uit
1317 5350 1380 5412 Leo,
1402 5351 1436 5416 cs.
1452 5351 1585 5416 Arrpuatia.
1605 5350 1631 5400 C.
1646 5349 1679 5398 Ι).
1693 5348 1774 5413 VIII,
1789 5349 1806 5401 2
1827 5350 1900 5401 Dicta
1917 5352 2022 5416 doaopr.
2033 5355 2079 5402 173

419 5439 453 5489 su
479 5447 574 5504 quatuo
591 5439 617 5489 P
692 5457 851 5506 anaxagoras
870 5437 899 5488 F
1008 5435 1040 5487 91
1064 5437 1124 5488 binc
1143 5436 1172 5487 F
1246 5453 1267 5487 c.
1287 5434 1317 5502 a]
1336 5438 1449 5504 collegas
1468 5436 1495 5487 F
1604 5434 1637 5485 93
1656 5437 1747 5488 lateret
1764 5454 1926 5503 quocumque
1944 5438 2034 5489 tulisse
2053 5436 2082 5488 F

420 5523 454 5575 94
472 5526 610 5577 archesilas
625 5525 702 5590 CPF,
720 5527 877 5578 archesilaus
894 5525 919 5574 Τ
932 5523 1103 5588 (Archelaum
1122 5523 1206 5574 debirit
1224 5523 1368 5586 nominare,
1386 5532 1412 5572 rat
1427 5541 1449 5572 a.
1462 5527 1495 5574 89
1508 5523 1694 5585 anaximenes,
1715 5540 1768 5573 arou
1787 5523 1921 5574 Thaletica
1940 5523 2078 5589 depurata.

419 5610 483 5672 Leo)
563 5619 685 5678 patratam
706 5613 728 5662 C
840 5611 873 5662 99
896 5613 944 5663 hec
962 5611 987 5662 P
1099 5609 1148 5661 100
1170 5612 1277 5660 fortasse
1300 5609 1335 5659 Τι
1451 5606 1501 5658 103
1523 5617 1642 5674 sectaque
1659 5609 1713 5660 PF
1824 5607 1874 5660 194
1896 5611 2035 5660 aintantum
2055 5609 2081 5660 P

420 5699 468 5748 nisi
487 5699 519 5762 id,
539 5715 602 5762 eaeo,
625 5699 674 5750 Leo
782 5697 830 5750 1023
849 5700 986 5750 anocodent
1006 5697 1034 5749 F
1137 5695 1187 5747 lllli
1205 5697 1296 5748 arbore
1320 5695 1393 5746 TI’F
1497 5693 1546 5746 110
1565 5711 1690 5746 οοιιιιιιιιιιιι
1710 5696 1735 5746 P
