4560 6434
439 409 501 474 332
659 349 661 368 ¹
1050 400 1189 460 ousion
1208 399 1465 459 EPISTULARUM

353 583 386 655 G
437 582 661 648 maiestatis
695 603 787 647 suae
822 580 921 647 aede
955 579 1210 658 consederit,
1245 579 1374 663 quando
1406 600 1471 644 non
1502 579 1605 644 solum
1634 579 1751 642 merita
1779 575 2017 664 ponderaturus
2051 583 2087 643 et

435 685 537 766 facta,
569 707 680 750 verum
710 686 808 750 etiam
837 683 938 748 verba
964 690 1015 748 est
1041 683 1249 747 discussurus
1280 689 1313 748 et
1335 690 1427 764 vota,
1456 704 1553 768 quem
1578 682 1631 748 hic
1657 703 1742 748 nunc
1772 681 1891 748 viderit
1924 682 2085 748 salutaria

437 811 497 854 sua
520 798 698 877 praecepta
720 790 896 875 neglegere
920 795 954 852 et
976 786 1210 852 admonitiones
1235 807 1311 851 suas
1332 786 1564 853 saluberrimas
1580 787 1720 872 superba
1735 792 1844 851 mente
1861 793 2086 867 contemnere,

438 915 503 958 non
527 895 630 959 solum
653 914 726 957 curn
750 894 858 958 stultia
882 913 901 956 a
924 894 1022 956 ianua
1049 893 1142 976 regui
1171 893 1323 956 caelestis
1352 891 1522 972 excludet,
1553 913 1666 955 verum
1695 892 1793 955 etiam
1820 897 1946 977 partem
1978 892 2085 978 ipsius

436 1018 509 1060 cum
538 997 724 1063 infidelibus
752 996 938 1083 deputabit,
970 1003 1008 1061 ut
1035 1016 1109 1060 cum
1140 995 1257 1080 quibus
1280 995 1381 1060 habet
1403 997 1435 1059 in
1459 995 1591 1060 saeculo
1615 996 1820 1075 societatem,
1851 1017 1923 1059 cum
1953 995 2086 1060 hisdem
2131 1011 2144 1048 ⁵

367 1135 369 1138 ·
436 1101 468 1164 iu
493 1107 662 1165 aeteruum
686 1099 806 1165 habeat
828 1101 1019 1186 portionem.

1196 1324 1322 1393 XXIV.

782 1480 904 1547 FILIO
928 1480 1216 1547 CONSTANTIO
1238 1480 1455 1546 RURIOIUS
1477 1479 1734 1547 EPISOOPUS.

408 1623 420 1682 1
545 1595 739 1706 Qusuussr
761 1627 909 1710 Baccho,
940 1629 1144 1716 symphoniis
1173 1637 1207 1695 et
1236 1629 1375 1694 diversis
1399 1629 1530 1694 musicis
1552 1649 1612 1693 nec
1635 1649 1699 1693 non
1722 1627 1819 1691 etiam
1844 1633 1878 1692 et
1899 1627 2085 1713 puellarum

436 1730 542 1795 choris
563 1736 596 1794 te
619 1729 765 1796 deditum
790 1753 864 1797 esse
887 1734 1106 1817 cognoverim,
1129 1740 1239 1798 tamen
1263 1732 1338 1818 quia
1360 1732 1480 1797 bonum
1505 1738 1556 1797 est
1571 1733 1613 1797 ab
1629 1732 1689 1812 his,
1713 1730 1790 1795 dum
1805 1730 1959 1818 pervalde
1976 1731 2087 1794 fervet
2117 1745 2143 1782 ¹⁰

434 1832 672 1913 adulescentia,
706 1836 879 1921 aliquoties
913 1837 1075 1922 respirare
1106 1844 1138 1902 et
1168 1838 1272 1922 magis
1300 1835 1430 1901 domino
1459 1857 1576 1901 vacare
1606 1857 1700 1921 quam
1729 1835 1862 1912 Libero,
1892 1834 2085 1920 parentibus

436 1958 564 2024 quoque
582 1959 714 2024 operam
730 1937 809 2003 dare
825 1961 921 2024 quam
937 1941 1096 2022 cantibus,
1120 1961 1248 2024 moneo,
1270 1947 1307 2005 ut
1325 1941 1478 2022 crastino,
1500 1940 1585 2026 quod
1609 1942 1672 2004 erit
1695 1945 1811 2025 quarta
1834 1939 1926 2018 feria,
1950 1937 2084 2020 Brivas,
2182 1937 2188 1950 '

436 2043 616 2127 temporius
639 2048 760 2123 tamen,
784 2042 871 2129 quod
894 2050 926 2108 te
950 2043 1111 2109 facturum
1134 2045 1266 2110 minime
1290 2043 1396 2126 credo,
1419 2045 1497 2108 mihi
1521 2045 1650 2108 ieiunus
1672 2064 1835 2108 occurras.

1203 2354 1311 2422 XXV.

1085 2508 1290 2576 EIUSDEM
1306 2509 1431 2590 ALIA.
2114 2524 2140 2562 1⁵

407 2651 418 2710 1
545 2628 659 2722 Aaron
693 2656 771 2721 mihi
804 2656 866 2722 deo
902 2662 989 2722 testa
1024 2659 1237 2745 promiseras,
1273 2657 1358 2744 quod
1392 2659 1498 2745 ipsum
1532 2657 1672 2722 deberes
1714 2655 1821 2720 colere
1858 2677 1923 2720 non
1955 2655 2084 2738 lanum,

438 2761 528 2824 cuius
553 2759 697 2824 criminis
722 2761 822 2825 etiam
843 2781 896 2826 me
912 2761 962 2826 vis
986 2783 1061 2827 esse
1085 2768 1281 2844 consortem,
1304 2769 1340 2829 ut
1361 2785 1424 2849 ego
1439 2763 1480 2828 ad
1496 2763 1581 2828 huuc
1599 2783 1741 2828 errorem
1758 2761 1930 2826 colendum
1946 2760 2084 2826 delicias

435 2864 677 2928 subministrem
701 2871 734 2928 et
757 2866 865 2930 oleum
887 2865 1038 2930 incendio
1063 2865 1306 2952 superfundam.
1345 2865 1431 2951 quod
1455 2874 1570 2932 neutro
1594 2877 1738 2931 nostrum
1760 2865 1890 2930 noveris
1914 2865 2083 2951 expedire.

404 2967 492 3034 ised
514 2968 595 3032 dicis
619 2969 774 3033 fortasse:
799 2968 962 3055 pollicitus
986 2991 1040 3045 es;
1064 2991 1126 3055 quo
1149 2992 1205 3035 ore
1229 2993 1249 3035 a
1271 2992 1323 3035 me
1346 2973 1509 3057 promissa
1531 2971 1702 3058 perquiris,
1726 2991 1799 3034 cum
1822 2975 1857 3033 tu
1877 2977 2085 3033 sacramenta

433 3072 627 3137 violaveris?
674 3072 760 3136 unde
783 3070 877 3137 dabis
902 3073 1031 3138 veniam
1054 3093 1148 3168 meae
1170 3075 1387 3161 promissioni,
1418 3075 1571 3160 quamdiu
1594 3079 1626 3139 te
1651 3074 1726 3138 huic
1749 3074 1873 3137 servire
1897 3093 2083 3157 cognovero
2112 3085 2140 3124 2⁰

433 3176 597 3262 passioni,
631 3198 673 3240 ue
709 3177 901 3241 confirmare
934 3177 1101 3243 videamur
1134 3179 1271 3257 factum,
1306 3180 1398 3243 cuius
1429 3178 1700 3266 reprehendimus
1734 3185 1882 3265 pactum,
1917 3183 1950 3240 et
1981 3176 2083 3239 simus

435 3280 597 3360 scandalo,
622 3282 673 3344 cui
696 3302 770 3345 esse
793 3280 951 3347 debemur
976 3282 1138 3369 exemplo.

1190 3574 1315 3641 XXVI.

820 3729 1037 3796 RURIOIUS
1061 3729 1342 3796 APOLLINARI
1365 3727 1451 3794 SUO
1475 3727 1699 3796 SALUTEM.

403 3875 417 3932 1
541 3846 635 3957 Quis
658 3878 762 3944 nostri
785 3899 895 3944 curam
920 3900 1050 3966 semper
1071 3899 1186 3964 gerere
1208 3899 1268 3964 pro
1291 3883 1404 3942 mutua
1427 3877 1563 3941 caritate
1584 3875 1771 3961 dignamini,
1796 3875 1903 3941 indico
1920 3876 2079 3941 sollicitae
2109 3889 2135 3928 2⁵

431 3981 546 4068 pietati
568 3986 601 4045 et
623 3982 697 4069 piae
720 3983 930 4049 sollicitudini
952 3990 1092 4066 vestrae,
1115 4005 1175 4049 nos
1198 4004 1263 4048 non
1279 4001 1415 4068 parvum
1431 3979 1571 4067 quidem,
1596 3981 1654 4045 sed
1670 3981 1732 4046 deo
1749 3981 1890 4066 propitio
1906 3980 2080 4066 voluptuo-

433 4105 503 4148 sum
527 4105 547 4148 a
570 4085 662 4150 vobis
686 4106 853 4152 reversum
876 4087 1054 4174 sumpsisse
1078 4087 1260 4172 negotium,
1285 4085 1371 4169 quod
1395 4084 1490 4149 nobis
1513 4084 1688 4171 plurimum
1714 4082 1870 4170 prodesse
1894 4088 2021 4169 posset,
2054 4084 2080 4146 si

403 4190 488 4251 taut
517 4188 731 4254 intentionem
758 4191 947 4256 intellectus
978 4198 1036 4256 aut
1064 4192 1267 4256 intellectum
1298 4194 1492 4276 sequeretur
1522 4190 1700 4275 ingenium.
1754 4188 1824 4252 sine
1859 4209 1958 4252 causa
1991 4189 2079 4252 euim

433 4291 511 4355 solis
537 4296 643 4355 ortum
667 4313 784 4357 caecus
808 4300 990 4381 exspectat.
1029 4295 1083 4361 ille
1108 4295 1238 4381 quidem
1253 4293 1439 4358 videntibus
1463 4314 1594 4380 semper
1609 4293 1763 4374 exoritur,
1787 4312 1852 4356 non
1869 4292 2080 4356 cernentibus

403 4395 508 4458 3vero
538 4394 632 4460 iubar
659 4395 761 4480 ipsius
790 4397 883 4483 quasi
914 4398 1056 4464 nubibus
1090 4419 1220 4485 semper
1253 4397 1409 4484 operitur.
1464 4396 1599 4462 Sollium
1631 4397 1720 4460 enim
1750 4401 1896 4461 nostrum
1926 4394 2080 4459 domnum
2109 4407 2136 4446 ³⁰

431 4504 623 4590 patremque
648 4520 861 4581 communem,
891 4522 988 4587 quem
1011 4501 1294 4567 transcribendum
1318 4500 1511 4565 sublimitati
1533 4504 1664 4591 vestrae
1688 4498 1819 4563 dedisse
1843 4520 1894 4563 me
1919 4498 2078 4578 dixeram,

432 4602 604 4688 legendum
628 4604 749 4690 recepi.
795 4605 886 4669 cuius
910 4605 1007 4670 lectio
1030 4607 1114 4671 sicut
1141 4606 1222 4672 milri
1251 4606 1420 4691 antiquum
1449 4611 1612 4669 restaurat
1640 4605 1809 4684 allectum,
1840 4605 1886 4669 ita
1912 4624 1990 4689 prae
2019 4602 2078 4666 ob-

432 4707 588 4771 scuritate
611 4705 771 4772 dictorum
802 4730 865 4773 non
893 4709 1043 4775 accendit
1064 4711 1247 4796 ingenium,
1281 4709 1460 4796 quamlibet
1483 4711 1589 4795 ipsum
1613 4713 1689 4794 post
1711 4713 1778 4771 tarn
1806 4707 1894 4792 longi
1922 4706 2079 4792 temporis

432 4811 572 4897 spatium
596 4811 740 4876 caritatis
763 4812 945 4896 igniculum
969 4815 1118 4880 scintillis
1141 4815 1207 4880 suis
1230 4815 1315 4879 inter
1338 4814 1508 4879 oblivionis
1532 4812 1661 4876 favillas
1685 4817 1859 4897 utcumque
1875 4811 2078 4874 relucentem

533 5052 550 5105 4
569 5051 669 5106 Matth.
688 5051 774 5119 XXV,
793 5055 834 5109 10.

534 5210 1265 5280 1consederit]acripai,conscdsretGrsederitValq.
1335 5207 1470 5263 meritoG
1573 5202 1768 5262 lexcluditG
1871 5206 2040 5276 bdepntanit
2054 5204 2081 5258 G

431 5295 657 5350 dconstancioG
767 5298 928 5354 absence
1037 5299 1071 5352 10
1088 5301 1165 5368 perds
1179 5298 1213 5365 (l)
1226 5299 1238 5365 ll
1250 5300 1281 5350 ds
1302 5297 1336 5349 (1ι
1343 5336 1351 5362 ,
1369 5298 1490 5366 perualde
1508 5292 1546 5347 G¹
1655 5292 1687 5345 ll
1706 5291 1870 5361 respirariG
1938 5311 2033 5360 uagare
2053 5291 2079 5344 G

431 5382 464 5436 12
481 5383 552 5450 at(?)
574 5381 625 5449 G¹,
643 5393 673 5437 nt
692 5383 737 5437 θ’
847 5387 880 5440 16
898 5384 1042 5441 deberisG
1111 5389 1218 5440 ianuum
1232 5383 1271 5438 G:
1288 5386 1322 5453 cs.
1341 5386 1430 5438 condi.
1448 5384 1509 5434 lhr.
1527 5379 1553 5435 a]
1567 5385 1623 5446 567,
1640 5397 1661 5432 c.
1681 5383 1726 5431 22:
1745 5382 1921 5448 cognovimns,
1939 5381 2079 5432 nonnullos

430 5471 541 5522 irrueniri
563 5472 715 5540 sequipedas
739 5475 832 5525 erroris
850 5476 961 5542 antiqui,
980 5476 1026 5542 qui
1043 5475 1166 5526 kalendas
1184 5474 1295 5525 Ianuarii
1313 5472 1410 5539 colunt,
1428 5489 1487 5523 cum
1505 5472 1583 5522 lanus
1600 5471 1676 5520 homo
1687 5469 1790 5534 gentilis
1803 5469 1888 5533 luerit,
1906 5485 1951 5518 rex
1966 5468 2079 5533 quidem,

429 5557 474 5608 ssd
491 5557 554 5608 deus
571 5574 627 5608 esse
645 5576 696 5609 nou
715 5561 798 5626 potuit
902 5559 935 5612 18
952 5557 1094 5628 neutro]G
1198 5557 1233 5610 20
1256 5555 1379 5611 neniaG
1483 5554 1518 5608 22
1539 5553 1591 5621 cui]
1615 5555 1719 5620 scripsi,
1743 5555 1818 5606 cuius
1837 5551 1871 5618 G,
1894 5555 1989 5620 quibus
2013 5555 2078 5606 coni.

432 5643 550 5692 Canities
649 5643 682 5694 26
701 5646 742 5712 pia
762 5643 788 5696 G
884 5644 918 5698 27
935 5664 1086 5699 reuersurus
1104 5647 1212 5698 umsisss
1232 5643 1407 5710 (1¹¹,rsuersfi
1426 5645 1548 5695 sumsisse
1568 5638 1611 5692 θ’
1682 5637 1806 5708 pousilG
1898 5639 1934 5690 30
1951 5635 2081 5692 iubariG

429 5727 561 5794 domuum]
581 5725 607 5780 (i
714 5728 749 5782 34
767 5733 866 5784 caritati
884 5734 1041 5800 signiculum
1061 5730 1113 5798 θ’,
1130 5735 1165 5800 cf.
1183 5750 1265 5800 snpra
1278 5751 1307 5799 p.
1321 5735 1376 5796 299,
1394 5732 1411 5782 l.
1426 5733 1456 5783 13
