4612 6428
870 390 922 444 v11
940 408 964 442 v.
982 392 1033 445 431
1053 420 1084 429 -
1105 407 1130 443 v.
1147 393 1206 446 515.

580 583 632 625 res
657 561 791 628 Geticas
816 565 907 640 oiim;
933 565 995 630 scis
1020 571 1051 629 te
1077 566 1222 630 nescisse
1245 567 1435 650 frequenter

580 686 664 751 quae
689 669 864 732 suaeinisi
887 669 984 733 facta.
1030 675 1137 733 tamon
1160 671 1292 734 fortuna
1315 671 1456 754 priorem

580 767 725 856 abripuit
748 771 1016 856 genium;,pe1·iit
1039 771 1265 857 quodcumque
1290 772 1440 837 merebar

536 909 541 921 ·
582 894 655 936 cunr
680 874 830 958 genitore
854 881 920 940 tuo.
965 874 1155 940 Narbonem
1178 875 1254 940 tabe
1278 876 1420 940 solutum

580 976 741 1041 ambierat
764 977 814 1062 (tu
837 1001 958 1064 parvus
983 978 1082 1063 erae),
1107 979 1307 1065 trepidantia
1329 981 1466 1066 cingens

582 1083 671 1145 milia
694 1084 727 1146 in
750 1083 891 1148 infames
917 1084 982 1148 iam
1006 1085 1135 1170 iamque
1160 1091 1315 1169 coegerat
1338 1106 1445 1158 escam

581 1185 645 1249 iam
670 1186 773 1251 tristis
797 1189 948 1274 propriae
973 1188 1129 1252 credebat
1152 1188 1263 1253 defore
1287 1188 1440 1275 praedae,

579 1290 606 1353 ei
630 1291 760 1355 clausus
783 1293 925 1356 fortasse
948 1293 1044 1380 perit,
1068 1313 1141 1356 cum
1166 1300 1277 1356 nostra
1299 1294 1456 1379 probarit·

510 1406 548 1444 ⁴⁸⁰
581 1393 719 1457 consilia
742 1400 776 1458 et
799 1395 913 1480 refugo
939 1396 1062 1460 laxavit
1085 1399 1216 1462 moenia
1239 1397 1338 1462 bello.

581 1502 678 1582 teque
702 1498 809 1584 ipsum
835 1498 928 1582 (sunt
949 1520 1026 1564 ecce
1051 1499 1163 1584 senas)
1188 1502 1249 1565 hoc
1273 1509 1407 1587 pectora
1431 1501 1547 1566 fultum

582 1599 645 1665 hae
669 1601 802 1666 flentem
827 1609 964 1668 tenuero
989 1625 1114 1683 manus,
1140 1606 1166 1669 si
1189 1605 1450 1670 forsitanaitrix

581 1710 614 1768 te
638 1704 726 1785 mihi,
751 1727 824 1770 cum
847 1708 963 1787 nolles,
986 1709 1175 1773 laetandum
1199 1709 1343 1776 tolleret.
1388 1731 1465 1775 eooo

581 1807 720 1873 advenio
744 1815 778 1873 et
800 1810 901 1895 prisci
924 1820 1040 1897 repeto
1065 1813 1159 1877 modo
1184 1814 1303 1900 pignus
1327 1815 1456 1878 amoris.

586 1912 613 1976 ai
637 1911 697 1977 tibi
721 1914 812 1978 nulla
834 1915 928 1995 fides,
952 1916 1043 1980 nulla
1065 1924 1117 1982 eet
1140 1918 1325 1983 reverentia
1348 1918 1459 2003 patris,

581 2015 591 2079 i
614 2015 715 2081 durus
738 2039 919 2105 pacemque
942 2019 1059 2105 nega.”
1105 2022 1286 2108 prorumpit
1308 2021 1349 2086 ab
1374 2022 1461 2086 omni

581 2141 727 2185 murmur
750 2122 887 2188 concilio
911 2123 1125 2210 fremitusque
1149 2133 1183 2190 et
1205 2126 1331 2212 proelia
1352 2125 1512 2190 damnans

583 2224 739 2290 seditiosa
762 2227 828 2292 ciet
850 2227 1044 2292 concordem
1068 2228 1165 2293 turba
1186 2230 1372 2296 tumultum.

582 2333 649 2391 tum
675 2349 736 2394 rex
759 2331 894 2394 effatur:
930 2331 1084 2410 “dudum,
1108 2332 1176 2397 dux
1199 2333 1320 2414 inolito,
1345 2334 1441 2419 culpo

527 2447 531 2465 ¹
584 2452 722 2517 poscere
746 2439 919 2520 tepescam
943 2443 1098 2514 nostram,
1123 2458 1196 2502 curn
1220 2459 1340 2523 cogere
1364 2438 1470 2524 possis

584 2539 766 2619 servitium,
790 2539 921 2605 trahere
944 2561 983 2605 ao
1006 2543 1144 2627 populos
1168 2543 1201 2606 in
1226 2542 1315 2607 belia
1338 2551 1508 2627 sequaces.

584 2663 636 2721 ne,
660 2663 797 2728 quaeso,
817 2643 976 2708 invidiam
999 2645 1105 2730 patrio
1129 2645 1210 2708 mihi
1233 2646 1363 2708 nomino
1387 2644 1511 2708 inuras:

585 2745 663 2830 quid
686 2766 824 2826 mereor,
849 2747 877 2810 si
901 2747 993 2812 nulla
1013 2747 1128 2813 iubes?
1152 2746 1292 2812 suadere
1316 2746 1377 2811 sub
1401 2746 1457 2810 illo

587 2847 674 2934 quod
697 2855 839 2934 poteras,
863 2848 958 2915 modo
981 2851 1067 2916 velle
1092 2856 1143 2915 sat
1166 2858 1227 2928 est,
1251 2851 1421 2934 solumque
1444 2855 1599 2926 moratur,

481 3029 492 3042 ·
588 2952 673 3038 quod
697 2953 810 3039 cupias
833 2954 980 3020 nescisse
1004 2953 1117 3019 Getas.
1162 2955 1242 3019 mihi
1265 2952 1550 3019 Romula-dudum

586 3077 646 3141 per
669 3063 702 3121 te
725 3057 797 3122 iura
819 3059 962 3144 placent,
986 3077 1188 3144 parvumque
1212 3058 1361 3123 ediscere
1384 3058 1480 3122 iussit

584 3159 625 3224 ad
649 3167 706 3225 tua
728 3161 831 3225 verba
853 3167 958 3247 pater,
982 3159 1080 3226 docili
1103 3183 1167 3246 quo
1190 3163 1300 3248 prisca
1321 3161 1468 3226 Maronis

585 3264 728 3328 carmine
752 3265 895 3329 molliret
919 3264 1093 3350 Scythicos
1116 3265 1197 3329 mihi
1219 3265 1341 3350 pagina
1363 3285 1486 3339 mores3

584 3368 648 3431 iam
671 3388 787 3455 pacem
810 3375 880 3432 tum
904 3368 990 3432 velle
1014 3367 1122 3435 doces.
1169 3368 1228 3434 sed
1252 3370 1394 3454 percipe,
1418 3389 1503 3454 quae
1528 3368 1571 3431 sit

516 3486 527 3520 ³»
584 3469 730 3535 condicio
754 3470 919 3555 obsequii:
945 3471 1057 3536 forsan
1080 3479 1150 3537 rata
1175 3478 1274 3558 pacta
1296 3470 1461 3557 probabis.

585 3580 699 3653 testor,
722 3573 836 3654 Roma,
859 3581 950 3639 tuum
975 3575 1071 3640 nobis
1095 3576 1285 3642 venerabile
1308 3597 1428 3640 nomen

585 3677 767 3743 atrocium
791 3677 831 3742 de
855 3678 962 3744 Marte
986 3701 1091 3764 genua
1116 3679 1183 3763 (vei
1207 3679 1361 3765 quioquid
1384 3679 1426 3744 ab
1454 3700 1548 3761 aevo,

585 3781 631 3845 nil
654 3788 688 3846 te
710 3780 852 3846 mundus
875 3783 977 3848 habet
999 3784 1128 3862 melius,
1152 3785 1197 3847 nil
1220 3786 1293 3872 ipsa
1316 3782 1460 3868 senatu),

585 3907 638 3950 me
660 3907 776 3973 pacem
801 3907 933 3953 servare
958 3887 1018 3952 tibi
1041 3889 1094 3952 vei
1118 3887 1362 3954 relleaboiere

589 4012 673 4076 quae
696 3997 808 4056 noster
832 3993 982 4076 peccavit
1004 4013 1095 4072 avua,
1120 4013 1216 4077 quem
1241 3993 1348 4057 fuscat
1371 3990 1404 4056 id
1427 4012 1537 4071 unum,

587 4095 672 4180 quod
695 4101 739 4176 te,
763 4095 879 4176 Roma,
904 4097 1005 4182 capit;
1030 4096 1088 4161 sed
1112 4097 1145 4162 di
1169 4097 1195 4162 si
1220 4103 1298 4161 vota
1321 4094 1513 4176 secundant,

586 4199 711 4265 excidii
734 4200 856 4266 veteris
881 4200 1003 4267 crimen
1027 4222 1168 4287 purgare
1191 4200 1315 4265 valebit

587 4304 666 4368 ultio
690 4305 885 4391 praesentis,
909 4305 936 4368 si
962 4311 1006 4384 tu,
1030 4303 1098 4369 dux
1121 4305 1244 4385 inclite,
1268 4306 1373 4370 solum

586 4407 730 4492 Augusti
753 4407 875 4472 subeas
899 4427 1031 4472 nornen.
1076 4406 1152 4490 quid
1176 4407 1300 4471 lumina
1323 4407 1450 4473 flectis?

588 4510 725 4574 invitum
748 4499 824 4595 plue
848 4531 919 4575 esse
943 4510 1051 4574 decet.
1097 4530 1162 4573 non
1186 4511 1333 4594 cogimus
1357 4511 1453 4590 istud,

587 4612 645 4678 aad
669 4619 906 4678 contestemur:
939 4613 1066 4678 Romae
1091 4633 1162 4677 snm
1186 4620 1218 4678 te
1241 4614 1326 4679 duce
1349 4615 1483 4694 amicus,

586 4717 733 4804 principe
756 4723 788 4782 te
813 4718 918 4782 milae.
965 4738 1102 4802 regnum
1126 4738 1192 4781 non
1214 4717 1377 4803 praeripis
1400 4718 1468 4794 ulli,

588 4843 649 4886 nec
673 4822 846 4907 quisquam
869 4821 982 4886 Latiae
1007 4821 1179 4906 Augustus
1202 4821 1354 4907 possidet
1376 4842 1484 4896 aroes;

587 4947 651 5010 qua
675 4931 780 5005 vacat,
805 4926 880 4989 aula
903 4931 960 4990 tua
984 4933 1044 4990 eet.
1091 4933 1204 5006 faetor,
1228 4945 1293 4990 non
1318 4925 1438 4989 sufficit
1460 4925 1556 5004 istud,

517 5045 555 5082 515
586 5051 628 5094 ne
651 5049 802 5100 noceam;
827 5035 926 5114 atque
949 5036 1006 5094 tuo
1030 5029 1092 5093 hoc
1115 5031 1240 5094 utinam
1265 5028 1450 5094 diademate
1474 5029 1540 5106 fiat,

243 5153 251 5156 .
262 5151 313 5158 ,-..-
319 5150 423 5156 .--.,--
434 5151 437 5154 ῃ
473 5149 632 5154 .-..-.--....-—

325 5205 377 5260 473
395 5209 421 5259 ni
434 5207 467 5257 M
527 5209 596 5257 facta
612 5204 688 5256 aM²
785 5201 837 5253 474
856 5205 964 5270 arripuit
982 5204 1026 5255 ΤΟ
1122 5201 1173 5254 475
1191 5203 1305 5253 narbone
1318 5203 1346 5252 F
1440 5199 1491 5252 476
1510 5201 1653 5268 tingensF
1746 5199 1795 5252 477
1814 5202 1874 5251 inm·

221 5293 280 5363 qna]
300 5297 352 5348 iam
369 5295 398 5346 F
520 5291 572 5344 479
589 5293 626 5344 sie
643 5293 732 5342 lausus
745 5291 777 5340 M
861 5292 935 5358 periit
952 5307 1011 5342 curn
1030 5298 1115 5342 vestra
1126 5290 1156 5341 F
1277 5287 1326 5339 481
1351 5291 1446 5340 fultum
1463 5287 1515 5352 PF,
1537 5291 1617 5339 fatum
1636 5287 1692 5350 M2,
1717 5291 1798 5339 fotum
1818 5285 1875 5348 Mb,

215 5383 332 5448 fortuna
348 5391 414 5434 recte
518 5377 690 5446 4821120110
703 5378 731 5429 F
797 5379 896 5428 flectam
910 5377 942 5426 M
999 5379 1086 5440 vt'omin
1105 5377 1138 5426 M
1238 5373 1290 5426 483
1312 5373 1347 5441 te]
1366 5384 1429 5427 tunc
1442 5375 1471 5427 F
1536 5375 1642 5426 noiiaM
1745 5373 1795 5425 487
1815 5392 1873 5426 con·

221 5469 279 5520 sitio
295 5467 321 5517 Τ
368 5469 547 5534 fremitumque
560 5465 594 5516 Μ
683 5462 734 5516 488
752 5465 842 5516 seditio
859 5465 938 5516 saciat
955 5465 1081 5515 concorde
1095 5463 1126 5513 Μ
1183 5463 1244 5513 tuba
1258 5461 1286 5512 F
1376 5458 1427 5512 491
1445 5459 1486 5528 aa]
1505 5463 1536 5513 nd
1550 5461 1578 5512 F
1666 5459 1719 5513 492
1736 5462 1833 5512 iniurae
1846 5460 1879 5510 Μ

221 5551 273 5606 496
297 5571 405 5622 parvum
428 5571 494 5621 quaa
511 5554 595 5606 dicere
612 5553 645 5602 M
756 5547 807 5601 497
825 5550 850 5600 d.
868 5547 904 5616 q.]
928 5551 1076 5602 docilicoO
1187 5546 1241 5600 500
1264 5545 1328 5614 obs]
1353 5548 1431 5599 officii
1454 5547 1491 5597 T·
1605 5545 1655 5599 501
1682 5565 1778 5599 numen
1799 5548 1874 5613 culpo

224 5639 276 5694 502
294 5649 375 5694 morte
391 5641 440 5692 Μ1
561 5638 613 5692 506
637 5639 672 5690 dii
686 5637 735 5689 CF
817 5635 1022 5688 secundentM⁸
1142 5632 1192 5686 507
1217 5635 1313 5686 crimen
1336 5633 1470 5686 vetaris?
1585 5631 1634 5685 511
1657 5640 1841 5686 cumtastarnur
1856 5633 1881 5684 Τ

223 5745 243 5780 s.
261 5725 289 5795 t]
309 5735 425 5796 sumptae
445 5729 467 5778 0
568 5724 620 5778 512
636 5725 726 5794 arripis
744 5724 778 5774 M
877 5720 930 5774 515
946 5730 991 5774 tuo
1010 5739 1059 5773 cor.
1077 5721 1101 5771 Τ
1170 5723 1219 5772 hoc
1236 5738 1284 5772 om.
1303 5721 1334 5771 M
