4560 6434
629 1776 1047 1926 INCIPIT
1099 1779 1413 1927 DOMN
1426 1782 1463 1924 I

323 2015 324 2020 Ὗ
433 2056 852 2206 eonion
904 2057 1721 2207 nrieuousaum·

671 2336 928 2458 LIBER·
961 2334 1427 2458 SECUNDUS.

917 2643 1173 2656 -...-,....-..

1036 2898 1062 2965 Ι.

185 3085 198 3121 ³
318 3068 492 3135 DOMNIS
521 3049 794 3137 SUBLIMIBUS
823 3072 881 3137 ET
909 3071 957 3136 IN
985 3071 1179 3138 CHRISTO
1207 3071 1384 3137 DOMINO
1413 3069 1782 3136 DEVINOTISSIMIS
1929 3057 1963 3134 G

496 3173 753 3241 FRATRIBUS
777 3175 984 3241 NAMATIO
1008 3174 1067 3240 ET
1090 3173 1353 3240 OERAUNIAE
1377 3174 1604 3240 RURIOIUS.

333 3305 484 3412 Arriam
519 3339 689 3424 sapientes
722 3340 844 3406 amicos
877 3340 959 3405 duos
989 3360 1087 3404 unam
1119 3339 1262 3403 animam
1294 3337 1418 3402 habere
1451 3337 1622 3416 dixerunt,
1656 3337 1743 3423 quod
1778 3335 1874 3400 valde
1909 3340 1921 3400 l

226 3460 338 3505 verum
366 3461 441 3505 esse
475 3463 537 3527 ego
572 3443 728 3530 praedico
763 3444 946 3531 proboque;
981 3464 1057 3508 nam
1092 3448 1266 3529 postquam
1293 3463 1313 3506 a
1341 3447 1450 3506 vestra
1479 3442 1695 3526 germanitate
1725 3439 1873 3520 discessi,

226 3543 367 3610 divisum
389 3564 460 3609 esse
483 3567 535 3610 me
558 3547 664 3612 sentio
688 3553 879 3635 partemque
903 3567 1011 3612 meam
1034 3546 1200 3612 vobIscum
1224 3544 1385 3611 resedisse
1410 3566 1572 3631 cognosco
1595 3566 1657 3610 nec
1684 3544 1875 3610 absentibus

175 3662 200 3700 ¹⁰
228 3647 320 3712 vobis
343 3649 473 3736 integer
497 3671 572 3716 esse
595 3672 647 3715 me
672 3651 795 3719 videor.
840 3657 873 3716 et
896 3672 970 3717 cum
992 3672 1045 3716 me
1068 3650 1102 3714 in
1125 3671 1178 3714 me
1202 3671 1266 3714 non
1290 3649 1464 3730 inueniam,
1486 3648 1575 3734 apud
1597 3669 1656 3714 vos
1680 3670 1732 3714 me
1755 3648 1796 3714 ad
1817 3669 1875 3713 vos

227 3771 378 3818 reuersus
412 3753 541 3840 inquiro
575 3761 673 3841 atque
708 3755 832 3821 ibidem
861 3762 1018 3842 quantum
1048 3776 1101 3820 me
1130 3753 1222 3820 vobis
1254 3753 1428 3838 reliquisse
1463 3758 1588 3817 tantum
1616 3751 1719 3817 vestri
1748 3772 1875 3816 mecum

227 3854 405 3921 abstulisse
436 3858 606 3945 conspicio.
653 3866 686 3926 et
712 3859 774 3940 ita,
805 3860 996 3946 priusquam
1024 3857 1098 3936 fiat,
1131 3857 1296 3922 adnuente
1320 3855 1467 3936 domino,
1496 3856 1669 3942 pignorum
1692 3862 1876 3920 nostrorum
1909 3858 1928 3918 2

227 3958 337 4022 votiva
364 3960 564 4042 coniunctio,
597 3962 779 4027 animorum
801 3961 888 4026 inter
917 3982 977 4026 nos
1007 3959 1095 4026 facta
1124 3960 1190 4024 iam
1217 3959 1343 4024 divisio.
1389 3980 1472 4046 quae
1501 3958 1617 4024 divisio
1648 3958 1877 4045 amplectenda

226 4047 332 4147 magis
349 4069 401 4128 est
415 4063 628 4149 diligentibus
649 4087 746 4152 quam
762 4066 907 4146 vitanda,
929 4085 989 4152 per
1013 4085 1110 4150 quam
1131 4064 1170 4129 iit
1191 4065 1225 4128 in
1249 4062 1399 4130 cordibus
1423 4084 1536 4130 eorum
1560 4064 1704 4129 caritatis
1727 4065 1875 4150 integrae

175 4179 200 4218 ¹⁵
227 4166 355 4230 sincera
384 4167 577 4250 transfusio,
609 4171 702 4234 cuius
732 4190 793 4255 ego
818 4169 956 4234 vinculis
986 4167 1176 4252 colligatum
1200 4188 1220 4231 a
1243 4167 1335 4232 vobis
1364 4188 1438 4234 esse
1461 4189 1513 4233 me
1535 4168 1663 4254 gaudeo
1686 4166 1736 4256 (et
1757 4169 1877 4234 talibus

228 4271 353 4334 catenis
376 4270 506 4334 vinctus
529 4271 675 4356 exsulto)
705 4273 930 4359 obstringique
958 4293 1012 4338 me
1043 4293 1156 4338 eorum
1187 4272 1328 4339 nexibus
1356 4273 1462 4358 magis
1493 4274 1589 4360 cupio
1620 4295 1718 4360 quam
1745 4273 1875 4354 resolvi,

228 4373 346 4460 quibus
370 4380 405 4438 et
425 4395 485 4439 ros
509 4376 700 4442 constrictos
728 4398 802 4444 esse
832 4377 969 4444 confido.
1013 4375 1225 4442 redeuntibus
1254 4377 1365 4462 itaque
1392 4377 1508 4442 vestris
1538 4377 1628 4443 salve
1659 4376 1875 4462 largissimum
1909 4379 1928 4441 3

173 4519 175 4523 -
228 4477 303 4542 dico
327 4483 360 4544 et
383 4499 427 4544 ex
450 4480 601 4545 omnibus
624 4480 748 4565 gratias
772 4501 875 4566 agens
896 4479 1087 4564 derelinquo
1111 4500 1194 4564 quae
1219 4478 1260 4544 ad
1288 4482 1498 4566 praeconium
1526 4487 1671 4548 vestrum
1701 4480 1876 4567 pertinent.

228 4580 348 4646 idcirco
371 4602 424 4646 me
448 4582 578 4648 siluisse
600 4583 760 4669 significo,
783 4585 858 4670 quia
881 4585 914 4649 in
937 4583 1076 4669 propriis
1091 4582 1254 4664 laudibus,
1279 4583 1364 4649 siout
1379 4583 1507 4666 dicitur,
1531 4592 1582 4652 est
1598 4585 1712 4650 odiosa
1726 4585 1876 4657 iactatio;

175 4700 201 4741 ²⁰
227 4692 337 4752 vestra
369 4685 456 4751 enim
486 4687 557 4750 laus
590 4708 663 4752 mea
692 4689 781 4752 l'acta
811 4692 863 4752 est
890 4694 924 4752 et
952 4685 1040 4766 ideo,
1074 4692 1111 4750 ut
1142 4685 1226 4767 dixi,
1258 4687 1299 4753 de
1329 4689 1598 4773 magnanimitate
1627 4695 1738 4753 vestra
1765 4693 1877 4754 tacere

227 4790 345 4856 melius
368 4790 458 4872 duxi,
483 4792 559 4877 quia
581 4791 734 4877 quicquid
756 4790 797 4857 de
819 4791 914 4856 uobis
937 4790 1060 4871 dixero,
1083 4790 1163 4855 mihi
1185 4791 1298 4856 videor
1320 4791 1509 4857 contulisse.

332 5068 343 5120 1
370 5051 1130 5135 mmrr-eemuunus]1ucffin1emlra
1254 5067 1424 5121 securus
1441 5068 1645 5121 adsumme
1729 5065 1764 5135 a]
1787 5069 1880 5120 me

228 5153 245 5208 6
262 5158 379 5209 mmsclo
400 5157 424 5209 θ
533 5153 549 5207 7
567 5156 667 5223 antiqui
685 5183 718 5192 —
736 5153 770 5207 12
787 5155 917 5223 conspicio
934 5151 969 5222 st]
988 5153 1112 5207 Ruricius
1128 5171 1160 5206 ea
1176 5155 1286 5221 epistula
1304 5153 1691 5220 11,1omoripsmvtdear
1758 5156 1827 5221 quod
1846 5183 1878 5192 -

227 5242 245 5294 8
269 5245 386 5312 praedico
410 5239 550 5311 proboque]
573 5244 647 5311 infra
665 5242 876 5310 II,10s1uias.·
902 5241 971 5308 quod
995 5237 1053 5309 [ego
1077 5243 1153 5294 etiam
1177 5241 1347 5294 ecclssIastioo
1365 5238 1520 5308 testimonio]
1544 5258 1636 5294 irarum
1659 5257 1715 5294 esse
1738 5238 1878 5308 [confirmq

229 5348 281 5398 quo
303 5331 350 5382 ait:
382 5331 575 5383 credentium
598 5336 701 5382 autam
722 5336 791 5382 erat
812 5329 920 5379 anima
945 5335 978 5379 et
998 5343 1051 5378 cor
1074 5344 1179 5379 unum.
1220 5343 1302 5378 unum
1323 5326 1414 5394 utique
1433 5329 1539 5380 msam
1566 5345 1619 5380 non
1640 5345 1747 5380 numero
1773 5334 1799 5380 et
1820 5329 1879 5380 fidei

228 5418 389 5485 simplicitate
410 5435 464 5469 non
484 5417 663 5483 singularitate
680 5432 812 5484 personae.
846 5409 908 5480 hoc]
927 5429 989 5480 ergo
1006 5413 1124 5479 praedico
1142 5413 1286 5480 proboque:
1310 5430 1376 5480 quoae
1392 5414 1493 5465 anmals
1509 5415 1604 5466 inclusi
1620 5415 1644 5467 a.
1662 5416 1680 5467 l.
1698 5415 1879 5467 decideram

228 5501 478 5569 occansionem,
500 5521 567 5556 corr.
584 5503 623 5556 0¹
733 5502 767 5556 10
788 5503 918 5569 integrmn
934 5500 1010 5567 infra
1027 5498 1070 5563 ΙΙ,
1086 5502 1121 5551 10
1195 5495 1294 5566 uideor]
1313 5499 1388 5550 credo
1404 5499 1480 5566 iufra
1496 5499 1539 5565 ΙΙ,
1555 5505 1588 5554 10
1698 5499 1730 5553 11
1747 5497 1880 5568 reuersus]

227 5607 240 5642 r
257 5599 317 5642 acle
332 5608 348 5643 e
365 5607 385 5643 a.
405 5592 423 5643 l.
438 5591 489 5656 0¹,
505 5608 638 5658 regressus
655 5591 730 5658 infra
746 5590 790 5654 II,
808 5594 839 5642 10
908 5585 994 5656 uobis]
1012 5605 1044 5640 ee
1061 5589 1172 5656 φὺαιὶα
1190 5587 1232 5653 11,
1248 5593 1281 5642 10
1297 5589 1403 5654 roasa,
1420 5589 1495 5643 iubes
1515 5590 1539 5641 G
1642 5588 1758 5660 idquae
1775 5588 1878 5660 diuisio]

227 5679 293 5732 carri.
307 5679 434 5744 carata,
450 5697 516 5748 qnae
534 5679 622 5733 dicim
643 5679 666 5732 O
770 5675 803 5733 17
820 5679 974 5732 constrictus
995 5676 1019 5731 0
