4612 6428
1052 396 1188 468 SIDONIl
1207 395 1405 452 CARMINUM

826 573 1046 639 transfumant
1068 572 1199 638 tabulas
1223 577 1355 637 etanta
1379 591 1508 636 cursum

825 699 959 764 campus
983 677 1116 743 flatibus
1139 682 1318 762 occupatur
1340 674 1471 740 absens.

756 795 794 834 ³³⁵
826 782 1010 869 impellunt,
1037 779 1213 869 trepidant,
1241 780 1383 862 trahunt,
1411 785 1606 866 repugnant,

825 885 1010 964 ardescunt,
1034 885 1164 964 saliunt,
1188 884 1316 961 timent,
1339 885 1505 964 timentur,

823 1010 885 1055 nec
907 1010 1057 1075 gressum
1080 987 1244 1069 cohibent,
1269 987 1329 1054 sed
1351 989 1497 1074 inquieto

827 1093 977 1159 duratum
1000 1093 1086 1180 pede
1110 1093 1256 1179 stipitem
1279 1093 1458 1179 flagellant.
1570 1168 1571 1171 Ἴ

824 1198 957 1263 tandem
986 1218 1152 1264 murmure
1180 1197 1320 1263 bucinae
1347 1197 1525 1285 strepentis

827 1324 1004 1390 suspensas
1028 1303 1161 1367 tubicen
1185 1322 1304 1368 vocans
1329 1301 1506 1388 quadrigas

826 1407 963 1473 effundit
986 1408 1113 1472 celeres
1136 1407 1170 1471 in
1193 1428 1272 1472 arva
1293 1427 1422 1482 currus;

825 1534 892 1578 non
915 1513 961 1578 sic
985 1511 1131 1576 fulminis
1154 1512 1297 1597 impetus
1320 1511 1457 1593 trisulci,

826 1639 891 1682 non
914 1618 1011 1703 pulsa
1035 1615 1190 1702 Scythico
1215 1617 1337 1701 sagitta
1359 1636 1471 1695 nervo,

825 1741 891 1786 non
913 1721 1024 1785 sulcus
1047 1719 1160 1805 rapide
1184 1719 1332 1785 cadentis
1356 1721 1445 1801 astri,

826 1845 891 1890 non
913 1823 1024 1889 fundis
1047 1822 1243 1890 Balearibus
1265 1828 1375 1888 rotata

827 1950 981 2015 nmquam
1006 1929 1053 1994 sic
1077 1928 1219 2014 liquidos
1243 1928 1309 2014 poli
1331 1935 1460 1994 meatus

826 2033 914 2120 rupit
936 2033 1093 2120 plumbea
1115 2032 1283 2118 glandium
1306 2033 1461 2120 procella.

827 2135 915 2201 cedit
940 2143 1028 2202 terra
1050 2136 1131 2201 rotis
1155 2143 1189 2202 et
1212 2136 1392 2204 orbitarum

827 2247 914 2306 moto
938 2241 1074 2328 pulvere
1099 2239 1287 2305 sordidatur
1308 2261 1381 2314 aer;

827 2345 951 2410 instant
973 2344 1165 2411 verberibus
1188 2345 1284 2410 simul
1308 2350 1473 2429 regentes,

827 2451 957 2535 iamque
982 2457 1015 2515 et
1037 2455 1173 2535 pectora
1194 2469 1297 2536 prona
1319 2448 1361 2514 de
1384 2449 1523 2514 covinno

828 2553 959 2620 extensi
982 2555 1153 2641 rapiuntur
1176 2559 1209 2620 et
1232 2554 1360 2639 iugales

826 2665 916 2723 trans
940 2679 1048 2724 armos
1071 2658 1194 2723 feriunt
1216 2663 1354 2722 vacante
1377 2655 1481 2742 tergo,

826 2783 887 2830 nec
911 2782 1028 2827 cernas
1052 2762 1115 2827 cito
1140 2782 1278 2826 cernuos
1301 2760 1476 2846 magistros

829 2874 979 2932 temones
1002 2885 1098 2951 mage
1123 2865 1283 2932 sufferant
1306 2886 1348 2929 an
1371 2885 1463 2930 axes.

826 2973 890 3037 iam
914 2993 973 3036 vos
997 2993 1039 3036 cx
1063 2971 1167 3036 oculis
1190 2972 1281 3037 velut
1304 2972 1455 3038 volantes

827 3083 1019 3163 consumpto
1043 3077 1149 3163 spatio
1171 3076 1356 3162 patentiore
1405 3071 1406 3080 ’

827 3201 960 3266 campus
988 3181 1152 3246 clauserat
1180 3186 1270 3244 artus
1299 3185 1369 3245 arte
1398 3179 1516 3260 factus,

826 3307 885 3371 per
913 3305 1009 3370 quem
1037 3285 1181 3370 longam,
1209 3284 1366 3349 humilem
1395 3283 1594 3371 duplamque
1625 3305 1717 3348 muro

826 3387 969 3475 Euripus
994 3388 1056 3453 sibi
1078 3387 1263 3452 machinam
1285 3386 1437 3454 tetendit.

826 3498 862 3557 ut
883 3497 972 3556 meta
993 3490 1130 3557 ulterior
1151 3491 1278 3557 remisit
1301 3513 1425 3571 ornnes,

826 3597 862 3661 fit
885 3597 1014 3681 collega
1036 3601 1110 3661 tuus
1134 3595 1225 3681 prior
1247 3596 1386 3677 duobus,

826 3701 881 3786 qui
904 3707 937 3766 te
960 3699 1179 3776 transierant3
1201 3700 1248 3764 ita
1270 3701 1341 3786 ipse
1364 3707 1498 3786 quartus

826 3804 898 3892 gyri
922 3803 1110 3870 condicione
1134 3810 1203 3868 tum
1225 3804 1328 3870 fuisti.

827 3929 927 3974 curae
951 3915 1002 3973 est
1026 3908 1058 3973 id
1081 3907 1209 3989 mediis,
1232 3914 1270 3972 nt
1290 3908 1347 3974 ille
1370 3908 1493 3994 primus

826 4032 961 4098 pressus
984 4010 1173 4077 dexteriore
1197 4012 1373 4090 concitatu,

825 4120 953 4202 partem
976 4116 1004 4180 si
1026 4114 1222 4202 patefecerit
1245 4116 1411 4182 sinistram

826 4225 911 4283 totas
934 4217 976 4282 ad
999 4217 1132 4304 podium
1157 4218 1267 4284 ferens
1293 4219 1451 4300 habenas,

827 4344 922 4388 curru
946 4329 1172 4408 praetereatur
1193 4323 1281 4389 intus
1306 4330 1391 4389 acto.

826 4434 862 4492 tu
886 4426 1058 4492 conamine
1082 4425 1267 4513 duplicatus
1291 4429 1362 4514 ipso

828 4531 959 4617 stringis
982 4530 1194 4617 quadriiugos
1219 4537 1253 4596 et
1276 4538 1345 4597 arte
1370 4554 1497 4600 summa

825 4638 859 4700 in
882 4657 999 4723 gyrum
1021 4635 1107 4701 bene
1131 4636 1307 4721 septimum
1331 4658 1499 4712 reservam

826 4742 993 4806 instabant
1015 4740 1071 4805 alii
1093 4760 1191 4804 manu
1214 4747 1313 4827 atque
1336 4762 1429 4822 voce,

826 4845 948 4931 passim
972 4849 1006 4908 et
1028 4842 1176 4910 deciduis
1199 4845 1233 4909 in
1256 4865 1334 4910 arva
1358 4847 1461 4930 guttis

757 4967 762 4978 ·
830 4955 994 5016 rectorum
1018 4947 1250 5034 alipedumque
1274 4948 1375 5014 sudor
1397 4951 1474 5016 ibat.

826 5073 944 5118 raucus
968 5050 1067 5116 corda
1090 5050 1167 5116 ferit
1189 5051 1301 5137 fragor
1321 5052 1490 5118 faventum

826 5163 925 5242 atquc
948 5155 1031 5242 ipsis
1053 5156 1180 5242 pariter
1203 5156 1282 5222 viris
1306 5157 1464 5243 equisque

511 5390 563 5442 333
582 5389 669 5442 tabula
687 5387 713 5439 P
819 5381 871 5436 338
889 5383 978 5450 pedem
997 5379 1026 5431 F
1132 5377 1183 5431 339
1201 5389 1344 5448 strepentes
1368 5382 1392 5432 Τ
1491 5383 1543 5436 342
1560 5388 1675 5439 trusulci
1695 5389 1732 5440 0¹
1837 5389 1889 5443 343
1906 5393 2025 5444 scitbieos
2044 5392 2070 5443 P

408 5481 460 5534 345
477 5478 615 5531 confundis
635 5475 657 5528 0
769 5469 821 5524 346
843 5485 984 5536 numquam
1002 5467 1031 5519 F
1142 5463 1193 5519 347
1217 5468 1332 5534 gladium
1351 5469 1380 5519 F
1491 5471 1543 5523 350
1564 5474 1642 5525 semel
1661 5474 1690 5524 F
1800 5475 1851 5528 351
1873 5479 2002 5529 concinno
2022 5477 2071 5529 OF

408 5565 460 5620 355
482 5565 650 5632 magsfferant
661 5560 711 5626 P⁸‚
734 5577 811 5627 mgge
829 5559 953 5610 sufferant
970 5555 1006 5606 sic
1017 5554 1047 5606 F
1146 5552 1196 5606 357
1216 5555 1311 5622 spatior
1323 5555 1367 5606 F²
1472 5557 1524 5610 353
1541 5561 1664 5627 longnarn
1675 5562 1728 5613 PT
1795 5565 1885 5616 humili
1904 5565 2067 5617 Wllomoms'tc

408 5653 458 5707 361
485 5652 584 5705 remisit
601 5650 691 5716 υιιίῃος
717 5648 801 5700 emisit
822 5645 898 5698 codd
1042 5639 1093 5693 364
1120 5641 1292 5694 conditionem
1312 5643 1347 5694 0¹
1452 5653 1515 5698 tunc
1538 5647 1566 5710 T,
1593 5655 1667 5699 tuum
1686 5648 1715 5699 F
1854 5649 1906 5702 365
1934 5652 2025 5703 medus
2046 5652 2071 5702 Τ

409 5739 459 5796 366
477 5741 610 5793 dextetera
622 5734 665 5786 P·
751 5731 801 5786 367
820 5739 891 5800 parte
909 5731 998 5783 fecerit
1010 5729 1035 5780 P
1118 5725 1168 5779 371
1187 5729 1353 5798 quadriiugos
1370 5732 1406 5782 sic
1418 5732 1447 5782 F
1533 5731 1584 5784 375
1603 5736 1739 5786 Paetorum
1753 5736 1775 5787 C
1864 5733 1915 5788 376
1934 5739 2006 5790 favor
2023 5738 2068 5792 TO
