4732 6436
994 389 1176 447 XRUSOHII.
1841 395 1912 446 va

254 565 392 645 litteras,
408 565 527 650 quibus
545 565 718 630 Caesarius
735 564 894 651 synodum
911 564 1084 646 indixerat,
1101 564 1192 629 tarde
1210 563 1384 629 admodum
1401 565 1443 630 ad
1460 587 1495 630 se
1513 566 1652 644 venisse,
1669 566 1775 630 anirno
1792 586 1911 650 magno

254 669 396 754 fortique
419 670 600 756 peroravit:
623 670 712 750 quin,
736 669 850 754 inquit,
873 670 932 732 etsi
953 689 1018 732 non
1032 689 1095 748 pro
1118 668 1272 750 upupae
1291 669 1338 732 vel
1353 689 1416 749 pro
1425 674 1534 734 aetate
1548 691 1613 734 non
1628 668 1772 734 debemus
1787 663 1913 732 tardius

253 794 350 854 quam
372 771 433 834 alii
453 773 649 850 commoneri,
671 773 728 854 qui
748 772 891 853 fortasse,
914 778 951 836 ut
972 773 1081 836 minus
1095 772 1242 852 prudens
1264 771 1381 850 dicam,
1405 773 1602 838 merebamur
1623 773 1756 850 anrbiri;
1783 772 1862 854 quia
1884 773 1914 836 si

253 877 330 940 aliis
344 898 456 941 norun
471 876 599 941 urbium
607 882 755 958 praestat
775 878 960 954 auctoritas,
983 877 1072 941 nobis
1086 878 1306 941 auctoritatem
1323 877 1442 942 demam
1456 899 1520 942 uon
1535 877 1620 942 debet
1634 877 1724 941 urbis
1738 875 1912 941 humilitas.

253 981 409 1062 siqrcidem
431 979 529 1045 mutto
550 980 663 1044 rrectius
690 979 848 1060 multoque
874 981 1064 1044 eminentius
1091 986 1149 1058 cst,
1178 982 1335 1045 ciuitatem
1361 981 1399 1046 de
1425 982 1584 1046 sacerdote
1606 1002 1702 1062 quam
1724 981 1914 1056 sacerdotem
2012 1011 2014 1016 ·

254 1085 292 1149 de
321 1085 447 1148 ciuitate
476 1089 639 1149 notescere.
696 1084 761 1149 Per
787 1085 916 1148 litteras
946 1083 1093 1149 Caesarii
1127 1086 1245 1150 certior
1275 1086 1383 1151 factus
1420 1091 1470 1150 est
1496 1084 1692 1149 Eudamium
1722 1086 1914 1170 episcopum

255 1188 519 1274 ‘superveniente
548 1209 633 1252 anno
661 1187 803 1252 Tolosae
835 1186 1004 1274 synodum’
1037 1187 1160 1253 habere
1188 1189 1287 1270 velle,
1324 1211 1386 1275 quo
1421 1190 1520 1254 etiam
1547 1187 1714 1273 Hispanos
1744 1188 1913 1274 episcopos

256 1303 492 1368 convocaturus
517 1298 607 1356 esset
631 1290 676 1378 (p.
700 1295 773 1374 274,
787 1292 853 1376 24).
899 1291 996 1356 Hanc
1024 1293 1226 1357 celebratam
1254 1313 1327 1358 esse
1359 1293 1492 1378 negavit
1520 1291 1676 1356 Balaniue
1705 1291 1814 1375 (Nova
1837 1293 1912 1358 coll.

256 1397 368 1461 concil.
385 1418 416 1481 p.
437 1396 548 1480 1465);
573 1417 645 1460 curn
672 1397 759 1461 enim
784 1417 869 1461 anno
886 1400 947 1460 507
968 1399 1053 1462 inter
1070 1396 1334 1462 Oblodovechum
1351 1419 1464 1484 regem
1480 1397 1679 1462 Francorum
1696 1404 1729 1462 et
1744 1396 1913 1461 Alaricum

257 1499 437 1565 Gothorum
462 1499 585 1566 bellum
609 1501 801 1583 exarsisset,
826 1501 858 1564 in
883 1521 945 1586 quc
971 1500 1023 1564 hic
1046 1501 1174 1565 occisus
1194 1507 1254 1580 est,
1279 1501 1580 1587 congregandorum
1597 1500 1804 1565 sacerdotum
1820 1502 1913 1586 regni

258 1603 387 1669 Gothiei
411 1605 601 1669 facultatem
626 1625 700 1668 esse
724 1625 788 1668 nen
810 1605 970 1690 potuisse.
1016 1605 1061 1668 At
1083 1625 1148 1668 non
1172 1604 1280 1685 video,
1304 1626 1362 1670 cur
1384 1613 1560 1690 antequam
1584 1604 1753 1669 Alaricum
1768 1604 1913 1669 Pictavis

255 1714 443 1774 versantem
473 1730 533 1773 rex
565 1708 765 1773 Francorum
796 1730 972 1794 aggressus
1002 1714 1069 1786 est,
1103 1729 1143 1772 eo
1167 1728 1252 1772 anno
1276 1709 1423 1794 episcopi
1442 1705 1620 1773 convenire
1648 1729 1712 1772 non
1736 1709 1912 1793 potuerint.

257 1810 412 1875 Habitam
437 1832 508 1877 esse
531 1832 609 1876 nere
632 1812 791 1896 synodum
814 1813 908 1876 testis
933 1819 984 1878 est
1005 1811 1146 1876 Sedatus
1171 1812 1344 1898 episcopus
1360 1810 1606 1894 Nemausensis,
1631 1812 1684 1896 qni
1709 1812 1805 1876 etiam
1822 1811 1912 1897 Aga-

255 1917 365 1980 thensi
388 1917 525 1981 concilio
549 1916 761 1996 interfuerat,
789 1917 823 1980 in
846 1917 964 1981 litteris
989 1916 1030 1979 ad
1053 1915 1222 1980 Ruricium
1248 1916 1334 1980 datis
1359 1915 1441 2001 (Fa.
1458 1914 1536 1999 IX):
1568 1914 1771 1992 cederentur,
1799 1915 1914 1999 iuquit,

255 2020 375 2100 optavi,
404 2025 441 2084 ut
470 2021 515 2084 ad
542 2021 755 2084 necessitatem
784 2020 894 2098 istam,
923 2041 1004 2102 quae
1033 2019 1084 2084 bic
1110 2041 1167 2085 uos
1196 2019 1356 2096 enbibnit,
1386 2020 1549 2097 veniretis,
1582 2026 1615 2082 et
1646 2024 1722 2104 post
1744 2018 1824 2083 alia:
1850 2040 1916 2083 non

250 2125 348 2206 prius
369 2145 421 2206 epo
443 2144 464 2186 a
491 2122 602 2188 Tolosa
623 2129 800 2202 reverterer,
823 2145 921 2208 quam
943 2124 1150 2190 beatitudinis
1170 2129 1290 2188 vestrae
1312 2129 1342 2187 et
1363 2121 1537 2205 siupudaris
1558 2121 1648 2186 iliius
1663 2122 1811 2185 caritatis
1826 2122 1914 2186 berw-

256 2229 423 2292 dictioncm
445 2227 746 2292 desideratissimam
760 2249 967 2308 mourercrer.
1012 2227 1194 2314 Respondit
1216 2227 1369 2291 Ruricius
1393 2226 1448 2312 (R.
1472 2225 1517 2306 ΙΙ,
1534 2224 1589 2311 35)
1614 2247 1664 2306 se,
1693 2225 1721 2289 si
1743 2226 1913 2306 valuisset,

256 2332 297 2396 ad
321 2331 478 2418 synodum
510 2332 664 2396 indictam
693 2332 910 2398 libentissime
933 2338 1106 2397 venturum
1137 2332 1255 2411 luisse,
1279 2330 1336 2395 sed
1369 2330 1527 2416 disposito
1550 2329 1667 2393 itinere
1690 2327 1914 2394 imbecillitate

258 2435 508 2520 superveniente
533 2457 569 2500 se
592 2436 763 2501 inhibitum
788 2458 872 2515 esse,
896 2456 969 2500 cum
993 2458 1104 2502 aerem
1127 2436 1271 2522 regionis
1294 2435 1382 2499 illius
1399 2435 1485 2500 ferre
1502 2454 1567 2498 non
1583 2438 1702 2519 posset.
1744 2432 1914 2518 Simulque

257 2540 287 2603 ei
316 2560 436 2625 equum
467 2542 659 2620 transmisit,
687 2541 723 2605 in
756 2542 809 2604 ma
845 2539 951 2618 cium,
981 2541 1017 2605 in
1043 2539 1179 2622 epistula
1200 2540 1390 2621 pretiosum,
1423 2545 1509 2603 teste
1539 2537 1662 2602 Sedato
1696 2535 1779 2622 (FA.
1803 2535 1914 2622 XIII).

257 2643 351 2708 Haec
374 2643 414 2708 de
439 2643 562 2730 synodo
586 2643 760 2710 Tolosana.
807 2646 910 2711 Paulo
934 2653 1018 2733 post,
1043 2645 1176 2712 Alarico
1193 2647 1313 2726 occiso,
1338 2645 1590 2711 Ohlodovechus
1606 2644 1819 2710 Lemovicum
1836 2645 1914 2708 civi·

257 2752 358 2812 tatem
387 2749 419 2812 in
449 2748 612 2813 dicionem
646 2749 780 2834 redegit.
835 2749 884 2814 Eo
908 2755 1059 2836 spectare
1083 2751 1197 2834 opinor·
1220 2771 1303 2835 quae
1327 2748 1510 2835 Apollinari
1535 2748 1612 2814 duci
1635 2749 1858 2814 Arvernorum
1882 2749 1914 2812 in

256 2873 367 2937 pugna
381 2851 581 2937 Vogladensi
603 2851 717 2938 (Greg.
733 2853 808 2918 hist.
826 2854 880 2920 Fr.
897 2853 940 2933 ΙΙ,
957 2855 1012 2939 37)
1037 2854 1188 2920 Ruricius
1210 2856 1342 2941 scripsit
1364 2855 1406 2941 (p.
1425 2858 1497 2936 341,
1516 2855 1584 2940 34);
1607 2857 1786 2936 praestabit
1808 2856 1916 2936 itaque
2025 2921 2027 2926 ,

257 2955 367 3019 divina
388 2957 621 3034 misericordia,
645 2963 690 3034 ut,
713 2957 902 3022 tuccidides
924 2960 1071 3039 temporis
1092 2959 1191 3022 buius
1212 2958 1259 3023 uel
1280 2959 1518 3023 necessitatibus
1539 2963 1599 3022 aut
1621 2957 1729 3023 deictis
1751 2959 1787 3023 in
1802 2979 1915 3039 perpe-

256 3064 348 3124 tuum
377 3065 436 3124 aut
458 3081 636 3140 parumper
672 3063 839 3142 oppressis,
874 3062 970 3126 citius
997 3063 1126 3144 functus
1159 3084 1217 3128 nos
1245 3062 1348 3144 factat
1374 3063 1411 3128 dc
1444 3069 1554 3128 nostra
1587 3083 1697 3144 capere
1718 3063 1914 3143 praesentia.

365 3162 550 3229 Ecclesiam
580 3163 613 3228 S.
637 3165 816 3252 Augustini
839 3166 1109 3234 Lemovicensem
1138 3189 1157 3232 a
1180 3167 1312 3232 Ruricio
1341 3167 1463 3232 factam
1493 3188 1567 3232 esse
1596 3168 1689 3232 testis
1724 3172 1775 3232 est
1796 3167 1914 3232 Fortu-

258 3273 354 3332 natus
377 3266 436 3348 IV,
461 3272 490 3348 5,
509 3273 562 3333 11;

412 3376 545 3452 ternpore
566 3373 699 3454 quisque
719 3395 777 3438 suo
798 3373 943 3455 fundans
958 3376 1021 3456 pia
1043 3374 1158 3456 templa
1175 3375 1308 3456 patroni

517 3477 576 3542 istc
598 3475 765 3562 (Ruricius
790 3479 912 3562 senior)
935 3479 1126 3561 Aupustini,
1150 3479 1292 3544 condidit
1312 3477 1366 3543 illc
1388 3477 1522 3563 (iunior)
1547 3477 1643 3543 Petri.

258 3581 365 3646 Huius
398 3583 445 3647 rei
473 3582 562 3646 fama
590 3582 631 3647 ad
654 3582 859 3648 Bernardum
883 3582 1042 3648 Guidcnis
1071 3583 1260 3669 scriptorem
1285 3604 1369 3648 saec.
1393 3581 1475 3645 XIV
1501 3580 1646 3664 duravit,
1669 3582 1724 3665 qui
1746 3583 1779 3644 in
1801 3582 1915 3646 libello

258 3685 299 3750 de
324 3685 491 3751 ordinibus
516 3685 804 3752 Grandimontensi
833 3694 866 3753 et
889 3688 1039 3773 Artigiae
1068 3689 1154 3752 inter
1183 3695 1294 3754 cetera
1322 3686 1363 3752 de
1387 3686 1520 3752 Ruricio
1543 3692 1653 3750 nostro
1677 3685 1759 3750 baec
1783 3685 1916 3772 scripsit

258 3789 397 3874 (Labbe,
420 3789 513 3854 Nova
535 3790 621 3855 Bibl.
648 3789 725 3857 Mss.
749 3791 794 3872 Il,
819 3814 849 3878 p.
875 3791 966 3874 27,7);
990 3791 1128 3868 Sumtus
1151 3791 1302 3856 Ruricius
1326 3789 1456 3856 XXIV
1473 3790 1637 3871 episcopus
1658 3810 1680 3854 a
1703 3787 1735 3854 S.
1758 3789 1916 3854 Martiale

258 3893 399 3957 creditur
434 3893 535 3958 locum
572 3916 673 3976 supra
709 3894 881 3977 Vipemmm
907 3895 1056 3976 fluuium,
1091 3896 1147 3961 ubi
1179 3915 1341 3960 commune
1371 3895 1587 3960 coerncterinm
1613 3899 1698 3972 erat,
1732 3895 1769 3959 in
1801 3894 1917 3959 bonore

258 3996 290 4062 S.
313 3997 491 4080 Aupnstini
517 3999 653 4080 episcopi
682 3999 841 4064 dedicasse
867 4005 896 4064 et
924 3999 1101 4063 instituisse
1127 3999 1241 4063 ibidem
1268 4000 1325 4064 sub
1354 3999 1386 4065 S.
1409 3999 1587 4081 Aupustini
1612 3999 1723 4080 rapula
1749 3999 1917 4064 canon-isos

257 4100 418 4183 reputares
439 4107 469 4166 et
483 4102 596 4183 plures
617 4101 762 4184 capellas,
785 4105 917 4169 nescius
941 4104 1025 4168 hanc
1048 4102 1081 4168 S.
1098 4102 1274 4189 Augustini
1290 4105 1436 4189 regulam
1453 4103 1585 4168 saeculo
1601 4103 1687 4167 XIII
1703 4103 1915 4168 vetustiorem

259 4207 315 4269 vix
348 4227 431 4270 esse.
490 4205 668 4272 Columnas
692 4207 887 4274 aedificandi
910 4229 1010 4272 cansa
1033 4206 1166 4272 aOlaro
1190 4208 1343 4294 episcopo
1360 4207 1507 4272 Elusano
1531 4207 1602 4276 sibi¹
1616 4206 1817 4271 ministratas
1841 4228 1915 4272 esse

258 4309 412 4375 Ruricius
437 4310 551 4375 scribit
573 4313 623 4376 his
647 4312 769 4378 verbis:
803 4312 854 4378 Dc
872 4313 1027 4377 columnis
1039 4313 1164 4394 pretias
1185 4333 1243 4394 apo
1265 4317 1303 4390 ct,
1325 4312 1409 4376 sicut
1423 4311 1573 4388 iussistis,
1595 4310 1673 4392 quia
1687 4310 1777 4375 modo
1785 4315 1917 4392 propter

259 4413 469 4479 imminentem
498 4415 627 4480 biemem
649 4415 791 4481 aedicula
820 4417 874 4482 illo
897 4417 1031 4499 diripere
1053 4437 1117 4480 non
1133 4436 1278 4497 possum,
1301 4421 1376 4496 post
1396 4421 1544 4479 sanctum
1558 4414 1684 4496 pascba
1702 4415 1845 4496 propitia
1867 4415 1916 4478 di-

259 4517 391 4582 oinitatc
413 4519 638 4583 transmittam.
661 4521 699 4584 dc
720 4521 897 4586 minoribus
918 4541 1002 4598 vero,
1025 4521 1109 4584 sient
1130 4521 1219 4585 aerbo
1240 4520 1432 4598 mundastis,
1455 4520 1485 4583 si
1507 4519 1646 4582 inueniri
1660 4523 1813 4599 possunt,
1836 4517 1917 4581 mibi

258 4621 306 4685 oct
327 4623 429 4686 decem
450 4623 646 4688 mcessarias
667 4646 730 4689 asse
752 4626 895 4709 sipisim
918 4626 961 4712 (p.
987 4628 1060 4706 350,
1078 4624 1120 4710 7).

367 4725 521 4792 Ruricius
548 4749 684 4815 corpore
712 4729 854 4794 invalido
883 4730 956 4795 fnit.
1009 4728 1091 4794 Oum
1115 4728 1286 4793 Eustasius
1315 4728 1490 4815 episcopus
1518 4727 1633 4793 morbo
1662 4747 1736 4790 eum
1764 4726 1915 4791 laborare

261 4831 479 4915 cognovisset,
502 4832 627 4897 litteras
652 4832 691 4898 de
716 4840 804 4898 statu
827 4835 897 4899 eius
921 4833 964 4898 ad
986 4854 1061 4898 eum
1079 4832 1169 4898 dedit
1193 4831 1275 4908 (FA.
1297 4832 1380 4917 XI);
1411 4831 1629 4918 responditis
1653 4829 1733 4895 satis
1757 4851 1793 4894 se
1810 4829 1915 4894 tribu-

259 4933 363 4998 latum
386 4940 483 4999 antea
511 4936 576 5000 iam
600 4937 852 5003 commodiorem
876 4959 951 5003 esse
980 4937 1033 5022 (R.
1050 4936 1085 5001 II
1108 4939 1174 5018 22).
1219 4936 1309 5000 Alibi
1338 4957 1412 5001 cum
1440 4935 1511 5023 ipse
1543 4934 1658 4999 fortior
1687 4939 1790 5015 esset,
1819 4955 1915 4999 omne

261 5037 470 5125 hospitiolum
502 5041 615 5105 scribit
647 5039 782 5106 diversis
811 5041 1054 5106 infirmitatibus
1084 5042 1232 5106 laborare
1261 5041 1308 5128 (p.
1330 5040 1465 5122 340,1).
1520 5038 1596 5103 Huc
1624 5037 1707 5103 adde
1736 5037 1915 5102 senectutis

260 5142 529 5208 imbecillitatem.
575 5144 769 5222 imprimente,
793 5145 907 5232 inquit,
930 5146 997 5209 iarn
1012 5145 1193 5226 praesentis
1215 5145 1285 5208 acri
1307 5143 1440 5208 termino
1462 5147 1492 5207 ct
1512 5142 1594 5206 soreii
1612 5142 1777 5222 dirusque
1791 5161 1917 5222 quaque

260 5247 375 5324 meino,
403 5247 487 5311 sicut
514 5268 573 5312 nos
598 5248 695 5312 etiam
722 5249 808 5314 dccet
835 5251 991 5312 caesaries
1018 5249 1148 5312 detonsa
1175 5248 1310 5334 (paru,
1328 5247 1392 5330 12).
1437 5246 1555 5332 Itaque
1585 5245 1693 5310 fessus
1725 5244 1914 5309 Caesarium

260 5349 460 5436 Burdigalae
484 5351 562 5415 adiit
586 5352 631 5437 (p.
648 5354 721 5434 336,
738 5352 808 5436 24),
839 5353 1027 5418 infirmitate
1052 5348 1359 5418 ‘consuetudinaria’
1388 5349 1570 5436 prohibitus
1599 5370 1706 5435 neque
1730 5347 1916 5433 Agathensi

262 5454 387 5540 synode
417 5455 562 5520 interfuit
591 5454 636 5541 (p.
655 5458 727 5535 336,
741 5458 795 5540 23)
828 5477 935 5542 neque
964 5456 1104 5522 Tolosae
1129 5455 1286 5520 Sedatum
1308 5455 1448 5519 amicum
1485 5455 1660 5519 convenire
1684 5454 1807 5539 potuit:
1849 5473 1917 5530 nos,

260 5559 381 5644 inquit,
411 5558 565 5623 tenuitate
593 5561 678 5624 caesi
705 5561 844 5640 corporis
872 5561 1074 5642 impedimur,
1198 5581 1247 5623 me
1275 5559 1371 5623 etima
1392 5558 1521 5639 proprii
1547 5563 1577 5622 et
1599 5557 1662 5622 duo
1690 5554 1806 5643 (pedes
1831 5553 1915 5640 scil.)

261 5663 509 5742 sustiuereprae
523 5662 694 5743 defectione
715 5664 769 5728 uia·
779 5668 916 5749 possunt
940 5665 985 5753 (p.
1003 5665 1155 5749 338,15).
1200 5662 1263 5727 His
1285 5662 1326 5727 de
1342 5661 1452 5727 causis
1467 5662 1537 5727 veri
1553 5661 1659 5726 simile
1677 5665 1729 5725 est
1756 5680 1831 5726 eum
1853 5679 1918 5722 non

365 5801 494 5857 Saenius.
1700 5797 1710 5852 i
