4634 6458
1054 419 1191 477 SIDONII
1209 419 1408 476 CARMINUM

700 611 738 649 330
771 617 836 661 non
858 596 956 678 vires,
981 595 1140 661 sed'vota
1162 601 1287 675 tenent,
1311 596 1490 681 spoliisque
1514 596 1637 683 potitus

768 702 935 766 immensis
959 701 1059 766 robur
1080 701 1162 766 luxu
1186 703 1249 765 iam
1274 699 1419 786 perdidit
1441 709 1548 780 omne‚'

770 825 833 890 quo
858 806 972 886 valuit,
996 806 1073 870 dum
1096 825 1221 890 pauper
1244 811 1324 870 erat.
1370 825 1445 869 mea
1467 805 1594 869 viscera
1616 825 1675 890 pro
1698 825 1734 868 se

769 910 800 972 in
824 929 876 973 me
900 929 986 974 nunc
1010 914 1130 983 armat;
1154 909 1279 972 laceror
1302 913 1349 973 tot
1373 913 1469 995 capta
1490 928 1551 994 por
1572 929 1675 974 annos

770 1013 840 1077 iure
865 1033 935 1094 suo,
958 1013 1079 1076 virtute
1103 1031 1187 1092 mea,
1211 1011 1416 1097 fecundaque
1438 1013 1554 1099 poenis

699 1131 736 1168 333
771 1137 852 1201 quos
874 1117 982 1202 patiar
1004 1116 1107 1203 pario.
1152 1116 1293 1202 propriis
1316 1116 1361 1179 nil
1385 1115 1516 1181 conficit
1538 1117 1651 1182 armis:

769 1223 928 1300 Gaetulia,
952 1223 1122 1304 Nomadis,
1145 1223 1400 1289 Garamantibus
1423 1224 1663 1308 Autololisqua

767 1329 910 1414 Arauga,
935 1327 1144 1408 Mammida,
1167 1328 1290 1413 Psyllo,
1314 1327 1502 1393 Nasamone
1526 1328 1660 1392 timetur

768 1432 887 1517 segnis,
913 1439 946 1496 et
970 1433 1096 1517 ingenti
1120 1432 1239 1495 ferrum
1265 1432 1329 1496 iam
1352 1431 1459 1496 nescit
1481 1431 1523 1495 ab
1547 1451 1637 1495 auro.

769 1537 834 1622 ipsi
857 1543 967 1601 autem
991 1537 1081 1601 color
1105 1536 1297 1620 exsanguis,
1322 1556 1418 1620 quem
1442 1536 1577 1621 crapula
1599 1541 1699 1599 vexat

700 1655 737 1693 ³⁴⁰
772 1648 805 1705 et
827 1641 955 1727 pallens
978 1639 1143 1726 pinguedo
1167 1646 1268 1718 tenet,
1291 1660 1461 1725 ganeaque
1485 1640 1622 1726 pereuni

767 1766 901 1832 pressus
926 1751 1133 1810 acescentem
1158 1744 1345 1809 stomachus
1369 1765 1433 1808 non
1458 1743 1604 1829 explieat
1626 1764 1749 1809 auram.

768 1871 827 1936 par
850 1856 900 1914 est
923 1849 991 1913 vita
1014 1848 1098 1920 suie;
1122 1869 1186 1913 non
1212 1849 1258 1912 sic
1283 1847 1450 1913 Barcaeus
1473 1847 1615 1934 opimam

768 1953 937 2018 Hannibal
960 1952 1001 2017 ed
1026 1952 1172 2039 Capuam
1196 1953 1304 2039 periit,
1329 1974 1402 2017 oum
1426 1951 1522 2016 fortia
1544 1952 1633 2017 bello

768 2057 853 2122 inter
876 2055 1012 2121 delicias
1035 2057 1199 2121 mollirent
1222 2076 1360 2142 corpora
1382 2054 1485 2120 Baiae

700 2175 736 2212 343
773 2167 806 2225 et
830 2175 866 2224 ee
889 2159 1049 2224 Lucrinae
1072 2180 1136 2243 qua
1159 2160 1265 2244 vergit
1287 2157 1418 2224 Gaurus
1442 2159 1476 2223 in
1499 2157 1603 2222 undas

767 2263 920 2328 bracchia
943 2262 1105 2347 Massylus
1130 2264 1267 2328 iactaret
1289 2264 1384 2347 nigra
1405 2267 1546 2327 natator.

769 2376 867 2454 atquc
892 2368 966 2433 idco
990 2367 1077 2432 hunc
1100 2367 1265 2432 dominum
1290 2369 1406 2432 saltem
1431 2374 1506 2454 post
1527 2367 1659 2432 saecula
1681 2372 1772 2430 tanta

768 2473 906 2536 ultorem
930 2472 1011 2544 mihi
1036 2470 1147 2546 redde,
1170 2493 1295 2557 precor,
1319 2493 1360 2536 ne
1385 2470 1518 2537 dimicet
1539 2473 1625 2535 ultra

768 2575 932 2662 Carthago
955 2574 1085 2640 Italiam
1109 2576 1244 2640 eontra?
1315 2577 1362 2640 sio
1384 2576 1452 2641 lata
1473 2576 1585 2641 dolore

699 2695 736 2733 333
769 2682 930 2765 ingemuit
952 2679 1160 2766 lacrimisque
1185 2701 1300 2765 preces
1324 2680 1450 2745 adiuvit
1471 2681 1605 2746 obortis.
1718 2683 1725 2686 ’

769 2785 818 2848 hie
842 2784 924 2849 haec
947 2784 1053 2849 Roma
1077 2785 1193 2849 refert:
1220 2785 1344 2868 ‘longas
1369 2784 1524 2870 succinge
1549 2785 1711 2870 querelae,

770 2911 788 2953 o
811 2888 931 2953 devota
954 2888 1051 2952 mihi:
1075 2889 1197 2953 vindex
1220 2889 1280 2952 tibi
1302 2889 1434 2954 nomine
1458 2888 1567 2952 dirum

770 2991 970 3057 Maiorianus
994 2993 1065 3056 erit.
1112 2990 1170 3057 sed
1194 2993 1307 3078 paucis
1330 3013 1435 3079 pauca
1459 2999 1618 3057 retexam.

768 3119 810 3162 ex
835 3118 898 3182 quo
922 3096 1128 3162 Theudosius
1152 3097 1337 3161 communia
1358 3098 1431 3162 iuro
1452 3096 1566 3182 fugato

701 3215 738 3254 ³⁵⁵
772 3200 913 3266 reddidit
935 3200 1079 3265 auctoris
1103 3200 1205 3281 fratri,
1230 3200 1283 3264 cui
1305 3207 1439 3285 guttura
1460 3201 1561 3285 fregit

769 3311 843 3392 poet
866 3306 899 3369 in
923 3327 959 3370 sc
984 3304 1143 3370 uertenda
1167 3325 1292 3384 manus,
1316 3326 1389 3370 mea
1413 3303 1521 3369 Gallia
1544 3325 1652 3369 rerum

768 3412 938 3496 ignoratur
961 3409 1067 3474 adhuc
1091 3410 1232 3473 dominis
1256 3410 1435 3495 ignaraque
1460 3408 1570 3474 servit.

772 3536 815 3579 ex
838 3515 895 3578 illo
917 3515 1053 3578 multum
1079 3514 1184 3600 periit,
1209 3515 1284 3599 quia
1307 3513 1454 3600 principe
1479 3513 1602 3592 clauso,

771 3619 917 3704 quisquis
941 3624 1021 3699 erat,
1044 3619 1156 3683 miseri
1179 3617 1317 3683 dirersis
1339 3617 1486 3703 partibus
1509 3616 1596 3681 orbis

699 3737 737 3775 333
769 3723 889 3787 vastari
913 3722 1072 3788 sollemne
1096 3722 1168 3787 fuit.
1214 3742 1297 3807 quae
1322 3722 1388 3785 vita
1409 3721 1566 3807 placeret,

769 3849 843 3892 oum
867 3833 976 3892 rector
999 3825 1216 3891 moderandus
1240 3831 1330 3890 erat?
1366 3831 1554 3911 contempta
1578 3831 1627 3889 tot
1649 3845 1752 3890 annos

766 3931 918 3996 nobilitas
942 3932 1056 3996 iacuit:
1089 3932 1228 4016 pretium
1253 3951 1305 3994 ree
1328 3929 1461 4016 publica
1481 3929 1558 3994 forti

657 4041 665 4050 ‘
766 4037 894 4101 rettulit
917 4035 1084 4101 invidiam.
1130 4036 1282 4121 princeps
1306 4036 1388 4100 haec
1413 4036 1521 4099 omnia
1544 4042 1657 4100 noster

769 4139 904 4224 corrigit
927 4145 1026 4224 atquc
1051 4146 1143 4203 tuum
1167 4139 1253 4203 vires
1278 4140 1499 4225 exgentibus
1523 4138 1647 4204 addens

699 4258 736 4296 333
771 4243 811 4308 ad
835 4243 957 4308 bellurn
982 4242 1151 4328 perbelle
1174 4245 1276 4308 venit:
1301 4265 1376 4307 narn
1400 4243 1561 4308 maximus
1584 4243 1650 4308 isse
1673 4249 1734 4324 est,

769 4369 835 4413 non
857 4368 1021 4435 pugnasse
1045 4346 1149 4410 labor.
1195 4348 1332 4412 terimus
1356 4368 1413 4412 cur
1436 4353 1585 4433 tempora
1608 4346 1740 4412 verbis?

768 4451 919 4537 pervenit
942 4457 975 4515 et
1000 4449 1118 4516 vincit!
1166 4452 1223 4516 tali
1247 4473 1399 4518 sermone
1421 4458 1590 4538 peractum

767 4555 949 4636 concilium,
973 4554 1149 4640 verbisque
1173 4555 1254 4620 deae
1278 4556 1457 4622 famulante
1480 4555 1613 4621 metallo

767 4679 871 4724 aurea
894 4658 1073 4724 concordes
1096 4665 1270 4726 traxerunt
1292 4661 1348 4726 fila
1371 4681 1512 4726 sorores.

697 4778 735 4816 ³⁷⁰
821 4762 893 4828 Hos
917 4784 979 4845 me,
1006 4785 1087 4850 quos
1111 4765 1224 4845 cecini,
1247 4764 1370 4830 Romae
1393 4766 1585 4851 Libyaeque
1606 4764 1735 4830 labores

768 4875 844 4932 vota
866 4868 1032 4933 hominurn
1058 4868 1200 4936 docuere
1224 4871 1328 4955 loqui;
1351 4873 1569 4956 iamtempus
1592 4869 1634 4934 ad
1657 4869 1714 4932 illa

404 4989 698 4997 ——.---.-.-————-—··—
720 4988 783 4993 —-
797 4988 816 4993 —·

504 5059 556 5114 330
574 5064 628 5115 vira
641 5063 673 5114 M
729 5063 824 5130 petitus
837 5060 862 5111 P
954 5059 1006 5112 335
1024 5063 1111 5129 patlrio
1124 5062 1152 5114 F
1244 5061 1295 5114 336
1313 5064 1414 5130 getulae
1427 5062 1455 5113 F
1509 5063 1628 5114 numadie
1645 5061 1720 5113 codd.
1774 5063 1953 5129 Autololiaque
1970 5062 2060 5130 culpo:

402 5149 562 5216 autoloisque
574 5150 613 5214 M,
630 5149 809 5214 autholoisque
827 5147 921 5200 TOFP
1004 5146 1055 5200 337
1074 5148 1257 5201 narmaridaP
1307 5167 1444 5202 rraaomone
1457 5149 1482 5199 Ρ
1566 5146 1618 5200 338
1636 5143 1729 5215 nescit]
1747 5163 1793 5200 nee
1806 5147 1839 5198 M
1922 5145 1974 5199 342
1991 5150 2058 5200 estui

404 5236 458 5288 vita
475 5235 509 5286 M
576 5237 702 5288 barchaus
720 5234 771 5300 ΟΡ,
793 5237 884 5287 bareos
900 5235 935 5284 M
1038 5233 1089 5286 343
1107 5236 1176 5287 bella
1192 5237 1226 5287 M
1326 5235 1378 5288 345
1395 5235 1536 5304 gaurosM
1635 5231 1687 5285 346
1704 5233 1866 5298 bachiaMss,
1890 5233 2059 5286 bucobiaMl’

402 5323 522 5374 mnasilus
534 5321 599 5387 ΜΡ,
616 5323 732 5374 masillus
747 5323 774 5384 0,
792 5323 921 5374 maaaillua
938 5321 966 5385 Τ,
984 5323 1122 5389 maesyllu's
1135 5322 1161 5373 P
1211 5321 1320 5390 natator]
1333 5323 1494 5376 teneturM⁸
1580 5318 1631 5373 347
1644 5321 1750 5372 nunoP
1833 5317 1886 5372 348
1898 5321 2064 5372 victoremM

400 5404 453 5458 350
470 5407 626 5474 adiungitI’
726 5406 778 5459 352
796 5409 900 5460 nomina
912 5408 944 5472 P,
965 5409 1071 5461 numine
1088 5408 1113 5457 Τ
1213 5407 1264 5460 353
1282 5410 1397 5462 ersom
1462 5409 1553 5477 paucis
1566 5409 1656 5473 Wlwr'
1673 5407 1759 5474 parvis
1777 5407 1851 5458 codd.
1872 5405 1912 5470 (in
1926 5423 1980 5457 roa.
1993 5405 2061 5472 Pb),·

402 5493 547 5561 largisLeo
617 5511 698 5561 parva
712 5495 735 5546 G
836 5493 888 5546 354
906 5495 1053 5546 theodosius
1071 5496 1145 5547 codd.
1217 5499 1305 5564 fugato
1323 5497 1351 5547 ia
1369 5515 1423 5548 raa.
1436 5495 1474 5546 Ρι
1580 5491 1631 5546 367
1649 5495 1768 5546 dominus
1783 5493 1817 5546 0¹
1922 5491 1975 5543 359
1992 5495 2060 5560 quia·

399 5581 460 5646 quid
481 5581 527 5644 0⁸,
550 5582 672 5647 quiequid
696 5579 757 5632 Tur
810 5582 904 5632 divorsi
922 5580 948 5631 P
1038 5580 1088 5632 361
1108 5583 1241 5634 moderans
1259 5585 1330 5635 derat
1349 5583 1490 5634 Mcrnmsen
1549 5589 1669 5634 contenta
1687 5580 1713 5631 P
1804 5579 1855 5632 363
1876 5581 1963 5632 retulit
1981 5579 2059 5631 MOP

399 5665 451 5718 366
477 5685 544 5720 mam
564 5668 592 5718 F
659 5671 713 5735 ipsa
731 5669 763 5718 M
767 5677 780 5704 ⁸
890 5667 941 5720 367
964 5670 1026 5720 vicit
1044 5669 1078 5718 M
1144 5679 1277 5738 peccatum
1296 5670 1329 5721 M
1435 5667 1488 5720 368
1508 5665 1656 5734 concilium]
1675 5684 1698 5718 c.
1717 5677 1756 5718 oet
1774 5666 1823 5718 Fe·
1924 5664 1976 5718 363
1999 5681 2059 5718 oon·

400 5757 483 5808 cordis
503 5754 536 5804 M
539 5763 552 5790 ²
623 5763 742 5807 texerunt
761 5756 803 5806 tila
821 5757 914 5806 sororis
933 5755 967 5805 M
