4634 6458
967 389 974 408 *
1074 377 1211 442 SlDONII
1229 385 1428 442 OARMINUM

786 564 846 628 hoc
868 563 971 628 vincit
993 561 1219 648 quodcumque
1242 559 1349 632 vides;
1374 559 1431 624 sed
1455 559 1604 625 conditur
1626 562 1730 626 omnis

788 667 849 731 sub
872 665 1002 731 domina
1025 670 1200 752 praesente
1224 663 1333 742 decor,
1357 664 1521 748 nimioque
1546 663 1662 729 rubore

786 790 988 856 gemmarum
1010 770 1117 835 varios
1140 768 1259 855 perdit,
1282 769 1358 854 quia
1380 767 1536 854 possidet,
1560 768 1664 854 ignes.

786 874 945 940 fundebat
968 895 1060 940 coma
1083 895 1170 961 pexa
1194 894 1306 938 crocos
1330 873 1481 958 flexoque
1505 874 1629 938 lacerto

733 995 745 1031 a
790 979 880 1043 lutea
902 977 1078 1064 depressus
1102 976 1254 1042 comebat
1275 983 1426 1063 tempora
1447 985 1577 1063 pecten.

787 1080 971 1147 fundebant
994 1082 1079 1146 oculi
1102 1080 1226 1154 radics;
1250 1082 1341 1145 color
1363 1081 1480 1166 igneus
1504 1082 1580 1162 illis,

787 1206 848 1250 non
875 1192 985 1251 tamen
1009 1185 1106 1250 ardor
1128 1191 1207 1265 erat,
1233 1185 1381 1270 quamvis
1405 1185 1446 1250 de
1469 1193 1565 1252 nocte
1589 1209 1724 1252 recussa

787 1289 919 1376 excepti
942 1290 1070 1355 soleant
1093 1287 1246 1353 sudorem
1270 1289 1395 1374 fingere
1418 1310 1520 1354 rores.

786 1400 921 1479 pectora
943 1393 992 1458 bis
1016 1394 1151 1478 cingunt
1174 1413 1286 1473 nouae,
1309 1395 1485 1479 parvisque
1508 1396 1640 1482 papillis

731 1512 736 1523 ·
788 1497 944 1562 iuvidiam
967 1498 1046 1561 fecit
1068 1498 1138 1582 ipse
1163 1498 1270 1571 sinus;
1294 1518 1369 1583 pars
1393 1499 1518 1563 extima
1540 1501 1629 1586 pepli

787 1602 913 1689 perfert
935 1603 1093 1688 puniceas
1117 1601 1158 1666 ad
1182 1623 1276 1666 crura
1300 1602 1452 1667 rubentia
1473 1624 1583 1688 rugas.

790 1707 837 1770 sic
860 1707 975 1791 regina
999 1704 1093 1771 sedet
1117 1706 1216 1778 solio;
1241 1707 1362 1792 sceptri
1386 1707 1456 1771 vice
1479 1707 1628 1772 dextram

788 1812 946 1898 lampadis
970 1813 1065 1877 hasta
1089 1813 1209 1898 replet;
1232 1812 1309 1878 Nox
1332 1813 1441 1878 adstat
1464 1815 1612 1900 proxima
1635 1815 1741 1888 divac,
1824 1863 1826 1868 .

788 1919 852 1981 iam
877 1917 1009 2012 refugos
1034 1938 1193 1983 conversa
1215 1917 1328 2003 pedes,
1352 1940 1390 1982 ac
1413 1938 1498 2004 pone
1521 1919 1664 1984 tribunal

745 2059 749 2072 ·
788 2021 907 2107 promit
930 2020 1004 2084 Lux
1028 2015 1189 2085 summum
1214 2021 1268 2084 vix
1291 2021 1462 2086 intellecta
1484 2043 1651 2087 cacumen.

718 2555 757 2594 tto

788 2124 863 2188 hinc
886 2122 1035 2188 Romam
1050 2123 1172 2208 liquido
1197 2124 1384 2188 venientem
1407 2125 1537 2190 tramite
1561 2147 1697 2190 cernens

788 2229 904 2294 exiluit
925 2249 1065 2316 propere
1089 2235 1123 2292 ct
1144 2226 1274 2292 blandis
1298 2229 1388 2314 prior
1409 2229 1661 2315 orsa'lcquelis:

788 2327 887 2418 ‘quid,'
908 2339 1006 2417 caput
1029 2353 1047 2396 c
1072 2330 1204 2413 muudi‚’
1230 2333 1320 2408 dixit,
1345 2339 1430 2398 ‘mea
1452 2354 1555 2418 regna
1577 2335 1714 2399 revisis?

788 2435 907 2522 quidve
924 2437 1018 2502 iubes
1026 2435 1050 2500 Τ
1078 2438 1211 2522 paulum
1227 2437 1284 2501 illa
1306 2437 1405 2502 silens
1427 2444 1525 2524 atque
1542 2460 1661 2525 aspera
1676 2439 1818 2505 miscens

788 2540 921 2605 mitibus
945 2540 1026 2606 haec
1050 2542 1176 2627 coepit:
1208 2543 1315 2606 ‘venio
1338 2541 1477 2628 (desiste
1502 2545 1626 2608 moveri

787 2667 849 2711 nec
872 2646 1009 2710 multum
1031 2645 1185 2731 trepida),
1210 2667 1273 2710 non
1296 2653 1332 2710 ut
1354 2646 1433 2710 mihi
1456 2669 1591 2734 pressus
1614 2648 1743 2713 Araxes

786 2750 938 2835 imposito
960 2749 1020 2813 sub
1044 2756 1144 2835 ponte
1168 2750 1249 2814 fluat
1272 2771 1333 2824 nec
1355 2758 1392 2815 ut
1415 2749 1528 2816 ordine
1550 2753 1660 2837 prisco

789 2852 922 2917 Indicus
945 2852 1094 2917 Ausonia
1116 2859 1248 2938 potetur
1271 2854 1399 2919 casside
1424 2853 1569 2940 Ganges,

789 2963 845 3022 aut
868 2963 904 3021 ut
927 2957 1067 3042 tigriferi
1090 2958 1279 3044 pharetrata
1302 2979 1362 3044 per
1385 2979 1463 3023 arva
1485 2958 1636 3045 Niphatis

747 3101 751 3112 ·
791 3061 1012 3147 depopuletur
1034 3081 1135 3124 ovans
1159 3061 1321 3125 Artaxata
1345 3060 1467 3147 Caspia
1491 3063 1616 3127 consul.

718 3596 756 3634 450

788 3185 854 3230 non
876 3163 953 3228 Pori
976 3163 1071 3228 modo
1093 3186 1194 3249 regna
1218 3186 1334 3250 precor
1357 3187 1418 3230 nec
1441 3173 1478 3230 ut
1501 3166 1592 3230 hisce
1615 3167 1749 3232 lacertis

776 3269 918 3362 'frangat
940 3267 1140 3355 Hydaspeas
1165 3270 1250 3333 aries
1276 3270 1430 3354 inpactus
1449 3270 1620 3357 Erythras.

788 3393 853 3437 uon
878 3373 909 3436 in
933 3372 1055 3437 Baetra
1076 3374 1165 3437 feror
1187 3395 1248 3438 nec
1273 3375 1513 3439 committentia
1535 3395 1662 3460 pugnas

788 3482 901 3541 nostra
924 3475 1135 3541 Semiramiae
1160 3477 1265 3541 rident
1288 3476 1329 3541 ad
1354 3478 1492 3541 classica
1513 3484 1640 3563 portae.

787 3580 942 3646 Arsacias
966 3601 1031 3644 uon
1054 3601 1175 3665 quaero
1199 3580 1315 3646 domus
1340 3601 1401 3646 nec
1425 3587 1554 3647 tessere
1577 3582 1694 3645 castris

789 3685 820 3748 in
837 3683 1009 3749 Tesilonta
1024 3683 1128 3750 datur.
1167 3691 1271 3749 totum
1292 3684 1378 3749 hunc
1401 3684 1460 3748 tibi
1484 3686 1643 3749 cessimus
1668 3707 1775 3750 axem.

789 3794 822 3851 et
844 3808 906 3853 nec
929 3788 975 3851 sic
999 3809 1137 3864 mereor,
1162 3793 1307 3852 nostram
1331 3794 1367 3851 ut
1389 3793 1502 3853 tueare
1528 3795 1715 3852 senectam?

789 3912 885 3956 omne
909 3890 995 3976 quod
1019 3891 1210 3977 Euphraten
1234 3891 1424 3976 Tigrimque
1449 3892 1632 3969 interiacet,
1657 3892 1734 3956 olim

791 3996 861 4060 sola
883 4002 995 4071 tenes;
1020 4018 1072 4060 res
1097 4003 1208 4081 empta
1231 3995 1311 4059 mihi
1335 4003 1386 4060 est
1408 3996 1448 4060 de
1472 3996 1631 4080 sanguine
1657 3995 1777 4070 Crassi,

733 4115 744 4148 ³
792 4099 833 4164 ad
857 4097 997 4163 Carrhas
1021 4100 1162 4185 pretium
1186 4100 1302 4186 scripsi
1310 4125 1317 4176 ;
1341 4119 1401 4164 nec
1425 4101 1529 4164 inulta
1551 4101 1693 4164 remansi

790 4207 847 4266 aut
868 4202 967 4287 periit
990 4202 1037 4266 sic
1062 4209 1189 4288 emptus
1213 4222 1306 4288 ager3
1331 4204 1358 4266 si
1380 4203 1472 4283 fallo,
1495 4203 1651 4288 probasti,

790 4305 947 4370 Ventidio
972 4312 1115 4372 mactate
1140 4306 1257 4393 Sapor.
1300 4327 1365 4371 nec
1390 4308 1510 4372 sufficit
1533 4306 1635 4371 istud:

790 4408 963 4473 Armenias
984 4409 1193 4495 Pontumque
1216 4409 1301 4490 dedi,
1327 4431 1390 4496 quo
1415 4410 1521 4476 Marte
1545 4412 1682 4497 petitum

789 4512 878 4576 dicat
901 4511 994 4577 Sulla
1017 4513 1091 4587 tibi;
1114 4515 1227 4578 forsan
1251 4535 1316 4578 nou
1341 4514 1485 4580 creditur
1507 4516 1579 4579 uui:

739 4633 743 4643 ·
790 4618 924 4681 consule
947 4618 1131 4682 Lucullum.
1178 4625 1273 4684 taceo
1298 4620 1363 4682 iam
1388 4617 1550 4705 Cycladas
1576 4640 1707 4683 omnes:

527 5175 578 5228 426
603 5176 768 5230 fundabatt'

424 5262 472 5316 441
493 5265 577 5315 araxis
595 5263 669 5315 codd.

423 5349 475 5402 445
497 5351 637 5401 conconsul
657 5349 682 5399 P

423 5433 475 5487 448
498 5437 584 5486 bratra
601 5437 669 5487 feror
687 5453 738 5486 non
757 5433 786 5484 F

789 4719 952 4806 adquisita
976 4742 1048 4786 meo
1074 4722 1175 4787 servit
1197 4722 1256 4786 tibi
1280 4721 1379 4786 Creta
1402 4712 1555 4786 Metellos

790 4826 981 4911 transcripsi
1006 4825 1141 4890 Cilicas:
1166 4827 1226 4890 hos
1250 4825 1391 4912 Magnus
1415 4824 1546 4890 fuderat
1569 4827 1657 4891 clim.

789 4929 895 4994 adieci
919 4928 1045 5013 Syriae,
1070 4950 1151 5014 quos
1174 4951 1261 4994 nunc
1286 4928 1477 5009 moderaris,
1500 4929 1651 4995 Isauros:

430 5063 841 5074 ».......-—.--———---.-—-

877 5169 936 5224 '431
965 5175 1076 5240 praefert
1094 5172 1122 5222 F
1205 5190 1293 5223 crurus
1312 5173 1354 5222 P*
1475 5171 1527 5223 438
1550 5181 1657 5239 cacaput
1677 5175 1715 5224 0²

789 5257 840 5311 44⁶2
859 5260 941 5326 prisco
960 5276 1007 5309 orn.
1027 5258 1051 5308 'F
1159 5257 1211 5309 444
1229 5267 1258 5310 ut
1275 5277 1323 5309 cru.
1345 5259 1382 5310 0³
1460 5260 1582 5325 tigriferis
1603 5260 1641 5309 U·
1721 5261 1836 5326 pharetra
1861 5258 1884 5308 Τ

895 5429 947 5482 449
971 5433 1078 5484 strident
1097 5433 1173 5497 culpo
1258 5429 1353 5498 portae]
1376 5450 1463 5500 pugne
1486 5433 1510 5481 Τ
1629 5429 1678 5483 451
1703 5431 1822 5482 terrisonus
1840 5428 1876 5497 F]
1896 5431 2009 5482 tisifonta
2031 5429 2084 5492 ΤΡ,

424 5521 615 5588 ctisiphcntaO
716 5517 767 5570 453
786 5517 980 5586 tygrimquaP,·
998 5519 1127 5584 tigrinque
1142 5519 1164 5568 0
1265 5515 1317 5568 455
1334 5519 1437 5569 charras
1455 5518 1528 5569 codd.
1634 5515 1685 5568 456
1703 5517 1766 5567 haut
1783 5516 1807 5565 Τ
1906 5512 1958 5567 457
1976 5517 2087 5583 sapch

423 5605 475 5660 458
495 5604 563 5672 dadi]
582 5608 648 5659 dabo
665 5607 704 5657 T·

425 5709 515 5748 sauros
533 5693 608 5745 codd.

823 5601 874 5658 459
892 5604 950 5656 silla
967 5605 1041 5656 codd.
1163 5603 1211 5655 464
1231 5621 1286 5655 car.
1306 5605 1359 5656 lect.
1378 5621 1457 5671 cuper
1474 5607 1553 5656 servit
1572 5623 1589 5655 α
1603 5605 1625 5656 0
1630 5604 1636 5634 ¹
1656 5603 1718 5655 cdd.
1737 5619 1804 5655 crae.
1819 5604 1855 5656 0²

1836 5170 1887 5224 446
1910 5171 2026 5222 mittibus
2046 5171 2083 5221 0·

1958 5259 2044 5308 uitatis
2065 5257 2087 5308 0

809 5344 861 5398 446
886 5347 944 5396 Pori
964 5345 1132 5408 rS'irsucuduu,⁸
1158 5347 1231 5412 phari
1254 5345 1279 5394 Τ
1277 5345 1327 5406 ΟΡ,
1352 5347 1437 5412 pharii
1455 5345 1483 5396 F
1611 5343 1661 5395 445
1685 5347 1800 5411 crytrlrus
1820 5343 1867 5407 0¹³,
1890 5344 2023 5410 erytrhaas
2043 5344 2083 5396 θ’

1976 5599 2028 5654 463
2047 5603 2084 5652 hi-
