4560 6434
761 409 869 466 LIBER
887 409 922 479 Π,
947 410 998 467 XV
1015 412 1032 480 θ
1049 411 1066 466 3
1084 439 1117 451 -
1136 410 1188 468 XV
1205 413 1222 481 ὅ
1239 411 1282 467 21.
1786 411 1848 476 325

203 587 246 651 ei:
278 591 476 651 revertere
499 589 538 648 et
561 590 649 648 esto
676 585 841 651 subdita
866 586 1042 651 dominae
1070 592 1176 668 tuae,
1205 591 1242 650 ut
1264 584 1316 649 hia
1338 584 1504 650 laboribus
1527 584 1675 650 omnihus
1698 591 1732 650 et
1753 584 1899 649 bonisll
1929 590 1962 663 G

202 691 355 777 operibus
384 689 495 755 dedita
525 690 632 774 possis
662 711 736 756 esse
770 697 804 756 et
839 692 1086 756 conversatione
1119 690 1267 778 perfecta
1296 696 1329 755 et
1359 690 1565 754 confessione
1597 687 1717 753 devota
1750 693 1783 753 et
1816 689 1850 752 in

203 816 305 880 regno
336 795 437 881 patris
466 794 530 874 tui,
561 793 648 858 illius
677 794 717 860 de
747 816 810 880 quo
837 793 987 859 dominus
1016 796 1050 860 in
1080 795 1252 880 evangelio
1282 794 1374 860 dicit:
1410 794 1535 859 nolite
1564 792 1677 857 vobis
1706 813 1850 858 vocare

202 905 353 984 patrem
377 903 679 984 superterram,
707 919 809 963 unus
833 898 936 964 enim
960 904 1023 964 est
1043 903 1162 984 pater
1183 902 1332 980 vester,
1361 897 1540 964 secundum
1563 918 1682 962 nomen
1705 902 1796 961 tuum
1818 897 1851 960 in

162 1018 174 1054 ³
201 1002 258 1066 illa
279 1001 450 1067 beatorum
473 1002 569 1066 turba
592 1023 671 1066 vera
694 1002 867 1089 splendere
892 1001 1056 1068 Ceraunia
1079 1010 1112 1068 et
1135 1003 1286 1068 vocabuli
1309 1004 1357 1068 tui
1387 1011 1502 1067 auctor
1530 1003 1686 1068 existere:
1718 1000 1759 1066 de
1788 1003 1903 1085 quol3

204 1104 379 1192 splendore
408 1125 541 1190 operum
569 1105 716 1171 dominus
746 1107 839 1172 dicit:
873 1108 932 1172 sic
962 1108 1094 1173 luceat
1120 1107 1188 1170 lux
1216 1113 1349 1172 vestra
1379 1128 1508 1172 coram
1538 1105 1780 1186 hominibus,
1812 1109 1854 1167 ut

202 1208 360 1274 videant
389 1230 512 1294 opera
538 1216 673 1274 vestra
699 1209 805 1274 bona
834 1216 875 1274 et
902 1210 1178 1295 magnificent
1206 1231 1270 1274 non
1301 1232 1359 1276 vos
1387 1210 1446 1276 sed
1476 1217 1631 1295 patrem
1660 1215 1852 1288 vestrum,

203 1314 268 1400 qui
292 1315 330 1378 in
353 1313 482 1378 caelis
506 1321 583 1393 est,
606 1315 697 1379 cuius
721 1321 772 1380 est
794 1321 828 1380 et
850 1320 886 1379 ut
909 1313 1006 1379 detur
1028 1320 1062 1379 et
1084 1334 1179 1378 omne
1203 1312 1289 1399 quod
1312 1313 1417 1396 datur,
1442 1315 1517 1398 quia
1539 1314 1632 1378 iuxta
1654 1313 1851 1399 apostolum:

204 1437 313 1482 omne
337 1416 471 1481 datum
493 1417 637 1482 bonum
660 1438 680 1481 a
703 1439 858 1482 sursum
881 1416 929 1482 de
947 1423 1060 1504 patre
1076 1418 1268 1483 luminum
1284 1416 1516 1499 descendit,
1541 1439 1638 1503 aquo
1654 1422 1688 1482 et
1702 1417 1853 1480 voluntas

152 1537 177 1576 ¹⁰
202 1522 356 1587 tribuitur
378 1527 412 1586 et
432 1527 620 1607 praestatur
642 1522 795 1599 effectum
826 1523 902 1608 quia
930 1522 1135 1608 paenitentia
1162 1542 1228 1586 non
1257 1522 1388 1587 nomine
1416 1528 1543 1587 tanturn
1573 1519 1765 1602 obtinenda,
1795 1518 1853 1584 sed

203 1633 278 1690 actu
302 1631 353 1691 est
376 1623 597 1710 exsequenda.
642 1626 844 1711 paenitentia
866 1647 932 1691 non
956 1634 1007 1692 est
1034 1647 1153 1692 nomen
1182 1627 1336 1706 otiosum,
1369 1647 1453 1711 quae
1484 1647 1527 1691 ex
1557 1624 1713 1711 qualitate
1745 1625 1852 1710 operis
1866 1626 1904 1686 14

202 1728 351 1816 possidet
374 1728 538 1794 laboriosa
559 1728 764 1795 vocabulum.
810 1731 986 1795 nonenim
1014 1735 1124 1816 potest
1153 1730 1327 1815 paenitens
1358 1729 1421 1793 dici
1451 1730 1506 1815 qui
1535 1728 1734 1815 paenitenda
1763 1749 1852 1792 com-

203 1834 312 1915 mittit,
336 1833 396 1898 sed
416 1834 471 1897 ille
494 1834 549 1919 qui
568 1833 746 1919 praeterita
759 1840 898 1919 peccata
913 1833 965 1898 vel
980 1834 1124 1898 maculas
1140 1832 1324 1898 humilitate
1340 1831 1458 1914 cordis,
1482 1832 1684 1898 subiectione
1700 1831 1853 1916 corporis,

203 1938 361 2002 bonorum
385 1959 519 2024 operum
542 1938 733 2020 sedulitate,
765 1937 958 2002 assiduitate
982 1939 1181 2018 orationum,
1212 1937 1457 2002 continuatione
1486 1936 1680 2030 gemituum,
1709 1935 1853 2021 pectoris

52 2120 59 2135 .
151 2057 176 2094 ¹⁵
203 2042 412 2123 contusione,
454 2043 662 2109 lacrimarum
698 2042 887 2127 prolusione
927 2041 1087 2128 detergit,
1128 2048 1164 2107 ut
1196 2042 1301 2128 possit
1334 2040 1442 2106 dicere
1481 2062 1555 2105 cunr
1588 2040 1763 2128 propheta:
1807 2041 1905 2104 neth

204 2148 444 2213 memineris
480 2147 718 2232 iniquitates
752 2152 906 2210 nostras
945 2146 1145 2231 antiquas,
1184 2147 1296 2230 utique
1334 2167 1400 2210 non
1435 2145 1647 2218 cottidianam
1689 2150 1723 2209 et
1755 2141 1851 2208 illud:

204 2251 388 2317 laboravi
421 2253 461 2316 in
497 2252 653 2337 gemitu
691 2271 792 2330 meo,
834 2250 983 2314 lavabo
1023 2271 1093 2335 per
1131 2250 1314 2335 singulas
1353 2256 1495 2316 noctes
1534 2251 1677 2315 lectum
1711 2268 1852 2328 mcum,

201 2355 386 2420 lacrimis
409 2356 508 2421 meis
533 2361 700 2420 stratum
722 2375 846 2419 meum
869 2354 1031 2439 rigabo;
1061 2359 1094 2417 et
1116 2355 1251 2419 iterum:
1276 2354 1475 2439 rugiebam
1500 2375 1519 2416 a
1542 2355 1697 2440 gemitu
1721 2351 1852 2417 cordis

201 2460 298 2534 mei;
329 2460 517 2525 etiterum:
550 2458 733 2544 quoniam
760 2457 1014 2543 iniquitates
1046 2478 1150 2521 meas
1182 2477 1252 2543 ego
1275 2459 1490 2544 pronuntio
1514 2466 1553 2523 et
1576 2457 1761 2543 cogitabo
1784 2476 1852 2542 pro

149 2577 176 2616 2⁰
201 2572 378 2652 peccato
407 2587 502 2630 meo.
548 2565 612 2630 sint
635 2562 710 2627 ideo
734 2562 787 2627 hic
810 2562 943 2627 crimina
965 2568 1076 2626 nostra
1098 2569 1175 2626 ante
1198 2583 1273 2643 nos,
1304 2568 1341 2627 ut
1368 2569 1480 2627 contra
1506 2584 1566 2627 nos
1595 2563 1628 2626 in
1659 2561 1712 2626 die
1741 2559 1853 2626 iudicii
1866 2561 1905 2622 16

202 2689 276 2734 esse
300 2690 365 2734 non
388 2669 517 2756 possint
540 2675 573 2733 et
596 2667 676 2732 illud
699 2667 799 2732 etiarn
821 2665 876 2730 hic
906 2666 1003 2752 positi
1033 2687 1107 2730 cum
1136 2665 1254 2730 fiducia
1282 2665 1392 2732 dicere
1420 2688 1620 2732 mereamur:
1656 2666 1854 2731 delictum

203 2794 331 2839 meum
362 2795 432 2858 ego
463 2792 653 2858 cognosco
680 2778 720 2836 et
747 2771 979 2835 iniustitias
1010 2791 1120 2836 meas
1149 2791 1225 2835 non
1256 2772 1408 2856 operui.
1453 2770 1552 2834 dixi:
1582 2769 1854 2857 pronuntiabo

203 2876 399 2941 adversus
431 2897 491 2940 me
526 2881 566 2940 et
597 2875 843 2941 iniustitias
878 2896 982 2940 meas
1015 2874 1184 2957 domino,
1219 2880 1258 2941 et
1289 2883 1331 2939 tu
1364 2875 1576 2939 remisisti
1605 2874 1854 2959 impietatem

203 2978 345 3045 cordis
367 2980 456 3046 mei.
502 2985 627 3045 certum
652 2985 718 3059 est,
749 2978 836 3064 quod
858 2979 891 3042 in
915 2984 1071 3064 quantum
1093 2979 1153 3044 tibi
1175 2978 1216 3043 de
1239 2979 1340 3065 priori
1364 2979 1611 3043 conversatione
1637 2975 1853 3062 displicueris,
1867 2979 1905 3040 17

149 3099 174 3138 ²⁵
203 3086 236 3149 in
259 3089 387 3149 tantum
417 3081 549 3152 domiuo
575 3083 736 3168 placebis,
769 3087 802 3147 et
829 3081 863 3146 in
894 3087 1050 3167 quantum
1073 3083 1133 3147 tibi
1155 3084 1338 3169 placueris,
1368 3082 1416 3148 illi
1440 3084 1511 3149 sine
1534 3081 1632 3147 dubio
1654 3080 1852 3166 displicebis,

201 3189 257 3272 qui
280 3186 367 3267 dicit,
388 3187 543 3284 quoniam
567 3185 705 3273 dissipat
727 3207 802 3250 ossa
824 3185 991 3250 hominum
1007 3185 1067 3250 sibi
1083 3187 1294 3272 placentium.
1333 3193 1367 3252 et
1382 3187 1457 3252 ideo
1473 3193 1639 3272 tamquam
1656 3183 1854 3249 severissimi
1867 3185 1905 3246 18

202 3313 357 3358 censores
388 3290 506 3376 culpas·
532 3296 660 3354 nostras
692 3291 725 3354 in
756 3311 815 3354 nos
844 3290 908 3376 ipsi
937 3289 1114 3354 districtius
1142 3290 1361 3373 vindicemus,
1395 3291 1457 3378 ipsi
1488 3291 1584 3356 nobis
1615 3311 1675 3376 por
1706 3288 1853 3354 diversos

201 3395 347 3482 corporis
364 3393 525 3458 cruciatus
541 3392 683 3480 quodam
698 3393 793 3458 modo
817 3400 957 3458 tortores
980 3393 1162 3459 existamus
1186 3400 1220 3459 et
1242 3393 1379 3474 iudices,
1401 3400 1439 3459 ut
1461 3394 1495 3458 in
1516 3395 1573 3459 illo
1595 3395 1701 3460 iustae
1726 3392 1850 3458 exami-

201 3500 342 3564 nationis
373 3503 520 3583 tempore
552 3519 617 3562 non
645 3497 767 3562 habeat
794 3497 827 3561 in
857 3518 917 3562 nos
946 3496 1032 3582 regis
1070 3499 1252 3580 sententia,
1287 3498 1371 3584 quod
1404 3497 1553 3579 damnet,
1590 3519 1669 3584 quos
1702 3498 1766 3562 iam
1800 3497 1853 3561 hic

150 3617 176 3656 ³⁰
202 3603 420 3688 castigatioris
443 3603 530 3668 vitae
555 3602 728 3688 disciplina
749 3602 939 3684 correxerit,
963 3601 1039 3687 quia
1062 3600 1168 3666 iustus
1191 3608 1224 3666 et
1246 3602 1432 3668 misericors
1455 3601 1555 3668 iudex
1576 3600 1627 3666 bis
1649 3623 1714 3665 non
1731 3599 1905 3665 iudicatl9

200 3707 233 3773 in
255 3707 289 3772 id
310 3707 427 3794 ipsum,
449 3704 512 3771 hoc
536 3712 598 3788 est,
622 3707 652 3771 ei
677 3727 712 3771 se
736 3705 908 3770 exhibebit
930 3706 1054 3786 mitem,
1077 3726 1175 3791 quem
1193 3707 1354 3772 invenerit
1377 3707 1431 3772 hio
1455 3729 1527 3772 esse
1549 3727 1627 3793 prae
1644 3711 1853 3793 peccatorum

203 3810 424 3876 satisfactione
453 3809 635 3884 crudelem;
665 3809 713 3873 illi
741 3808 933 3894 benignum,
963 3830 1059 3894 quem
1091 3809 1125 3873 in
1154 3809 1216 3874 hac
1243 3810 1310 3874 vita
1341 3809 1403 3874 sibi
1431 3809 1657 3895 recognoverit
1679 3808 1781 3874 fuisse
1804 3807 1864 3872 di-·

203 3915 365 3994 strictum,
400 3912 579 3980 secundum
611 3913 693 3978 illud
722 3911 966 3998 evangelicum:
1009 3913 1073 3997 qui
1105 3912 1332 3999 perdiderit
1366 3914 1541 3979 animam
1574 3920 1742 4000 propter
1776 3933 1850 3994 me,

202 4017 389 4083 inveniet
421 4037 519 4092 eam;
551 4017 603 4082 vel
625 4015 721 4081 illud:
753 4016 862 4082 beati
891 4017 953 4102 qui
984 4037 1086 4080 nunc
1117 4017 1284 4102 lugetis,
1316 4018 1402 4103 quia
1433 4017 1627 4084 ridebitis.
1672 4017 1772 4082 breve
1801 4017 1903 4080 est20

150 4135 175 4175 ³⁵
203 4122 291 4186 enim
313 4142 408 4185 omne
432 4121 520 4206 quod
542 4121 576 4185 in
597 4119 659 4186 hoc
688 4120 808 4185 mundo
838 4122 947 4206 agItur
974 4120 1044 4186 sive
1072 4119 1195 4185 bonum
1226 4122 1295 4186 sive
1327 4122 1462 4201 malum,
1494 4122 1579 4187 sicut
1608 4120 1852 4208 experimentis,

202 4230 239 4289 ut
266 4223 418 4289 dominus
449 4230 505 4289 aut
528 4225 678 4311 permisit
700 4231 756 4289 aut
778 4224 893 4306 voluit,
923 4225 988 4289 iarn
1019 4224 1178 4311 probasti.
1223 4225 1400 4290 etidcirco
1423 4225 1464 4290 ad
1487 4225 1693 4290 sustinendas
1717 4246 1776 4311 pro
1800 4223 1852 4288 dei

204 4349 314 4394 amore
329 4347 499 4414 pressuras
517 4334 704 4394 constantes
726 4348 801 4393 esse
817 4327 986 4410 dehemus,
1001 4329 1078 4414 quia
1099 4330 1127 4394 si
1144 4329 1191 4394 ad
1212 4351 1416 4415 vesperum
1431 4328 1700 4396 demorabitur
1717 4329 1852 4408 fletus,

203 4439 240 4498 et
273 4429 317 4496 ad
351 4432 581 4496 matutinum
616 4432 775 4497 laetitia
809 4432 1036 4519 subsequetur.
1090 4434 1200 4520 itaque
1228 4454 1313 4498 nunc
1344 4456 1489 4500 seramus
1518 4435 1552 4500 in
1579 4433 1735 4515 lacrimis,
1766 4430 1852 4517 quod

202 4544 280 4602 tuno
302 4541 463 4600 metamus
478 4536 512 4600 in
528 4535 666 4621 gaudiis.
711 4537 795 4602 haec
811 4558 917 4622 pauca
937 4536 979 4601 ad
995 4537 1241 4603 confortandam
1257 4538 1354 4603 fidem
1369 4546 1513 4605 vestram
1535 4561 1592 4626 pro
1616 4535 1851 4603 exhortationis
1863 4537 1901 4597 21

149 4657 175 4696 4⁰
203 4641 324 4706 solacio
347 4639 435 4704 dicta
457 4639 635 4723 sufficiunt,
665 4642 849 4727 quaelicet
871 4640 942 4728 ipse
966 4661 1030 4706 non
1053 4640 1187 4724 faciam,
1216 4647 1328 4708 tamen
1354 4649 1391 4706 ut
1418 4649 1451 4707 et
1472 4662 1532 4708 vos
1555 4643 1659 4728 agatis
1687 4640 1850 4706 exhortor.

304 4901 319 4954 1
338 4899 406 4955 Gen.
420 4898 493 4962 XVI,
507 4900 532 4953 9.
614 4899 631 4952 3
647 4895 748 4951 Mutth.
762 4895 863 4964 XXIII,
876 4899 901 4953 9.
982 4901 999 4952 6
1018 4898 1120 4955 Matth.
1129 4897 1163 4965 V,
1177 4901 1217 4956 16.
1299 4901 1316 4954 9
1334 4901 1388 4956 lac
1402 4902 1423 4966 I,
1437 4901 1476 4955 l'l.
1559 4901 1592 4954 15
1610 4900 1653 4954 Pa.
1666 4897 1815 4962 LXXVIII,
1828 4899 1852 4951 8.

203 4989 235 5042 17
254 4987 299 5042 Ps.
312 4985 359 5050 Vl,
377 4987 402 5041 7.
489 4987 522 5041 18
541 4986 584 5040 Ps.
601 4984 740 5048 XXXVII,
759 4985 784 5040 9.
872 4985 905 5039 19
924 4985 967 5040 Ps.
980 4984 1121 5050 XXXVII,
1140 4987 1180 5040 19.
1284 4987 1316 5041 21
1336 4988 1380 5041 Ps.
1394 4987 1494 5051 XXXI,
1512 4989 1536 5042 5.
1623 4987 1657 5040 26
1675 4986 1718 5040 Ps.
1731 4985 1808 5049 CXL,
1827 4984 1851 5038 ’1.

200 5073 235 5128 33
253 5073 355 5128 Matth.
374 5073 407 5139 X,
425 5074 467 5128 39.
554 5073 588 5127 34
606 5071 671 5128 Luc.
685 5071 732 5136 Vl,
750 5073 794 5128 21.
880 5073 913 5126 31
933 5073 978 5128 Ps.
996 5073 1096 5139 XXIX,
1114 5074 1139 5128 6.
1226 5075 1261 5128 38
1279 5074 1323 5128 Ps.
1341 5074 1449 5138 CXXV,
1467 5077 1492 5129 5.

304 5228 466 5284 lreuereG
538 5239 569 5283 ut
585 5229 636 5299 his]
657 5231 783 5295 (laniatus,
808 5238 835 5282 at
851 5227 931 5282 hisG
1038 5229 1176 5300 dnomen]
1195 5233 1249 5284 scil.
1263 5229 1394 5302 κεραιινία
1502 5229 1638 5284 51ιι5αθ
1707 5228 1750 5297 da]
1764 5227 1853 5283 onnG

201 5315 216 5368 7
241 5316 304 5387 ιιοιι]
329 5337 377 5372 uos
398 5335 465 5371 corr.
484 5335 532 5370 nos
551 5315 577 5370 G
703 5316 721 5369 8
744 5326 770 5370 et
791 5325 850 5368 aaa
871 5323 902 5368 ut
919 5334 940 5368 s.
958 5319 975 5368 l.
994 5314 1036 5368 G¹
1163 5317 1179 5370 9
1203 5317 1348 5386 asursnm]
1372 5320 1505 5372 desursum
1525 5319 1597 5385 Vulp.
1683 5319 1808 5370 discendit
1827 5314 1853 5368 G

202 5402 235 5454 12
252 5407 409 5472 paenitentia
422 5401 474 5469 G¹,
491 5405 641 5472 paenitenda
655 5400 699 5456 G²
788 5403 822 5456 15
838 5401 956 5470 detergit]
975 5405 1040 5456 coni.
1055 5405 1181 5470 θαηίιὲιιι,
1198 5406 1294 5472 detegit
1308 5403 1342 5470 G,
1359 5407 1393 5473 cs.
1405 5423 1487 5473 cupra
1499 5424 1528 5473 p.
1540 5409 1597 5470 314,
1609 5407 1626 5457 l.
1639 5408 1673 5458 39
1758 5403 1793 5456 20
1811 5402 1852 5471 ul]

201 5499 227 5542 et
241 5488 274 5556 G,
292 5494 326 5558 of.
340 5510 422 5559 supra
434 5510 463 5559 p.
475 5495 535 5556 322,
553 5493 571 5544 l.
583 5495 617 5544 37
714 5489 746 5542 21
767 5487 901 5542 fiducie'tG
999 5489 1033 5542 24
1051 5489 1146 5558 cordis]
1164 5494 1261 5559 pcccau
1277 5493 1349 5558 Vatp.
1413 5493 1615 5544 conuersationis
1628 5488 1654 5542 G
1680 5555 1682 5558 Ι
1757 5490 1792 5544 25
1809 5494 1854 5545 ille

199 5595 266 5630 corr.
286 5579 323 5630 illi
338 5575 380 5629 G¹
494 5576 529 5629 28
546 5579 672 5630 cruciatos
686 5574 712 5628 G
780 5577 938 5643 quodomcdo
952 5573 978 5627 G
1046 5575 1086 5645 ut]
1105 5578 1263 5644 Lr'itjoltann,
1285 5575 1350 5631 otG
1457 5577 1492 5630 29
1516 5580 1572 5645 regi
1585 5575 1611 5629 G
1720 5576 1753 5631 33
1775 5597 1852 5632 euan-

199 5663 296 5728 gelium
311 5659 337 5713 G
412 5661 447 5714 35
466 5663 656 5729 exiporimentis
668 5680 736 5714 corr.
749 5658 965 5730 experimendaG
1045 5661 1273 5734 38subsequetur]
1287 5666 1386 5732 scripsi,
1397 5660 1604 5732 subsequitan
1681 5663 1715 5718 39
1729 5673 1852 5718 metemus

207 5747 289 5815 Vulp,
304 5748 339 5815 es.
350 5748 425 5816 infra
432 5767 461 5815 p.
470 5751 528 5812 327,
539 5748 556 5798 l.
569 5751 602 5799 28
705 5746 741 5803 40
757 5746 792 5816 et]
807 5745 832 5800 G
850 5748 996 5805 exhortator
1015 5749 1041 5804 G
