4612 6428
1080 377 1216 432 SIDONII
1236 377 1434 432 CARMINUM

758 564 797 603 2³⁰
878 551 951 616 Non
982 551 1068 636 quod
1098 550 1252 616 Corduba
1280 557 1477 637 praepotens
1507 552 1646 616 alumnis

829 654 1005 720 facundum
1028 657 1093 721 ciet
1116 655 1168 720 hio
1192 660 1287 740 putes
1311 654 1497 740 legendum,

829 780 967 844 quorum
991 781 1075 824 unus
1099 761 1177 825 colit
1200 760 1367 846 hispidum
1389 761 1530 824 Platona

830 863 1063 950 incassumque
1088 886 1182 930 suum
1205 872 1318 930 monet
1340 864 1516 938 Neronem,

827 968 1030 1034 orchestram
1054 970 1160 1055 quatit
1182 969 1266 1034 alter
1289 967 1467 1054 Euripidis,

759 1084 795 1123 sss
829 1072 953 1158 pictum
976 1073 1125 1139 faecibus
1148 1073 1338 1159 Aeschylon
1363 1079 1495 1140 secutus

829 1182 886 1239 aut
908 1178 1062 1261 plaustris
1088 1177 1220 1242 solitum
1245 1199 1362 1242 sonare
1386 1176 1545 1263 Thespin,

830 1281 884 1365 qui
909 1287 985 1366 post
1008 1282 1136 1368 pulpita
1160 1282 1238 1346 trita
1261 1281 1322 1346 sub
1346 1281 1505 1346 cothurno

828 1383 993 1450 ducebant
1016 1385 1123 1452 olidae
1147 1407 1270 1450 marem
1294 1387 1458 1471 capellae;

828 1510 973 1574 pugnarn
997 1491 1114 1556 tertius
1140 1492 1195 1556 ille
1219 1491 1383 1556 Gallicani

760 1606 798 1645 2³⁴⁰
830 1593 914 1658 dixit
937 1593 1100 1677 Caesaris,
1123 1600 1160 1660 ut
1182 1615 1287 1680 gener
1310 1615 1482 1680 socerque‘

830 1705 970 1783 cognata
992 1700 1182 1785 impulerint
1204 1700 1237 1763 in
1261 1721 1351 1763 arma
1373 1699 1521 1776 Romam,

829 1807 956 1868 tanturn
979 1804 1061 1869 dans
1084 1804 1236 1870 lacrimas
1260 1805 1329 1869 suis
1352 1804 1522 1890 Philippis,

830 1915 866 1972 ut
889 1907 1002 1973 credat
1025 1907 1203 1974 Cremerae
1227 1911 1332 1974 levem
1356 1909 1494 1989 ruinam,

829 2012 913 2076 infre
936 2018 971 2078 et
994 2018 1130 2078 censeat
1152 2013 1276 2078 Alliam
1301 2012 1476 2078 dolendam

762 2131 799 2170 ‘2⁴³
833 2139 872 2181 ac
900 2117 1024 2182 Brenni
1051 2119 1085 2181 in
1114 2117 1237 2183 trutina
1264 2119 1376 2209 Iovem
1409 2117 1623 2204 redemptum,

832 2226 1005 2308 postponat
1026 2220 1180 2287 Trebiam
1204 2243 1386 2307 gravesque
1411 2222 1553 2303 Cannas,

829 2332 974 2412 stragem
997 2348 1058 2392 nec
1080 2326 1339 2392 Trasimenicam
1362 2327 1523 2411 loquatur,

824 2431 948 2523 *fratres
973 2429 1145 2517 Scipiadas
1169 2437 1264 2517 putet
1287 2430 1444 2512 silendos,

830 2556 910 2619 quos
934 2533 1144 2599 Tartesiacus
1167 2541 1313 2600 retentat
1336 2535 1435 2615 orbis,

764 2651 803 2690 2⁵¹⁰
834 2637 994 2703 Eufraten
1018 2645 1126 2703 taceat
1150 2639 1235 2704 male
1260 2640 1452 2726 appetitum,

831 2742 1022 2807 Crassorum
1047 2749 1081 2808 ot
1103 2741 1252 2808 madidas
1276 2765 1392 2808 cruore
1417 2743 1562 2808 Carrhas

832 2848 885 2912 vel
909 2869 1000 2933 quos,
1026 2847 1193 2933 Spartace,
1218 2848 1387 2912 consulum
1412 2847 1544 2912 solebas

832 2954 957 3018 victrici
980 2953 1107 3039 gladios
1130 2955 1246 3039 fugare
1270 2955 1348 3032 sica,

829 3059 935 3144 ipsum
959 3079 1021 3123 neo
1044 3059 1123 3123 fleat
1145 3059 1200 3124 ille
1224 3059 1298 3144 plus
1323 3057 1480 3142 duellum,

761 3177 799 3215 2⁵³
832 3162 919 3248 quod
942 3168 1018 3247 post
1040 3163 1204 3228 Cimbrica
1229 3162 1377 3228 turbidus
1400 3162 1559 3249 trophaea

832 3273 866 3334 et
888 3268 1032 3332 vinctum
1055 3267 1291 3332 Nasamonium
1314 3267 1519 3354 Iugurtham,

830 3371 906 3436 dum
935 3373 1064 3457 quaerit
1092 3371 1359 3436 Mithridaticum·
1380 3371 1591 3458 triumphum,

830 3476 973 3562 Arpinas
998 3477 1100 3540 voluit
1122 3498 1255 3541 movere
1280 3475 1404 3542 Sullae.

883 3579 957 3645 Non
981 3579 1175 3645 Gaetulicus
1199 3581 1252 3645 hie
1276 3581 1336 3646 tibi
1360 3583 1501 3666 legetur,

760 3699 784 3738 2³·
832 3706 897 3750 non
920 3683 1060 3765 Marsus,
1084 3683 1186 3765 Pedo,
1211 3684 1321 3761 Silius,
1346 3683 1505 3764 Tibullus,

830 3810 895 3853 non
920 3787 1006 3873 quod
1030 3787 1198 3874 Sulpiciae
1222 3789 1312 3853 iocus
1335 3786 1473 3852 Thaliae

831 3893 962 3978 scripsit
984 3891 1230 3978 blandiloquum
1254 3913 1312 3956 suo
1336 3891 1472 3970 Caleno,

830 4019 894 4061 non
917 3997 1011 4062 Persi
1033 3997 1123 4082 rigor
1146 4003 1204 4061 aut
1226 3997 1320 4083 lepos
1343 3997 1505 4082 Properti,

832 4100 892 4166 sed
915 4121 976 4165 nec
1000 4100 1195 4166 centimeter
1217 4098 1448 4165 Terentianus.

762 4219 793 4256 2·-
838 4226 902 4269 non
925 4203 1071 4270 Lucilius
1095 4203 1146 4267 hio
1169 4202 1409 4289 Lucretiusque
1434 4210 1495 4282 est,

831 4329 896 4373 non
923 4307 1065 4386 Turnus,
1093 4306 1231 4382 Memor,
1262 4306 1399 4388 Ennius,
1429 4305 1586 4387 Catullus,

832 4412 937 4477 Stella
960 4419 993 4477 et
1016 4412 1196 4499 Septimius
1220 4411 1464 4498 Petroniusque

832 4523 889 4581 aut
911 4516 1047 4581 mordax
1071 4517 1142 4582 sine
1166 4517 1231 4582 fine
1255 4516 1428 4596 Martialis,

832 4641 894 4684 non
919 4621 974 4706 qui
998 4627 1145 4707 tempore
1170 4619 1322 4686 Caesaris
1347 4619 1483 4686 secundi

832 4731 968 4790 aeterno
991 4725 1129 4789 incoluit
1151 4724 1273 4789 Tomos
1297 4728 1401 4803 reatu,

832 4850 894 4895 nec
917 4829 972 4915 qui
996 4829 1158 4893 consimili
1182 4828 1301 4895 deinde
1326 4848 1405 4892 casu

833 4934 874 4999 ad
896 4934 986 5020 vulgi
1009 4940 1143 4998 tenuem
1168 4932 1343 5019 strepentis
1366 4953 1480 4997 auram

836 5039 909 5103 irati
933 5039 994 5103 luit
1016 5037 1187 5102 histrionis
1211 5039 1300 5114 exul,

517 5266 566 5320 231
591 5275 665 5336 putet
682 5267 711 5318 F
831 5263 882 5316 234
907 5267 1064 5318 orchestram
1085 5265 1107 5316 C
1189 5266 1292 5331 eripidis
1311 5265 1339 5315 1⁴*
1454 5263 1505 5315 235
1528 5265 1640 5316 l'eaoihus
1661 5265 1687 5327 C,
1711 5267 1803 5317 ficibus
1826 5265 1851 5314 Τ
1924 5267 2029 5332 oscylon
2048 5265 2076 5316 F

413 5353 464 5406 237
488 5355 597 5422 pulmita
615 5353 643 5404 F
766 5349 819 5404 246
839 5353 905 5404 vixit
923 5352 951 5403 F
1075 5348 1126 5401 241
1151 5352 1253 5418 cognita
1271 5349 1297 5400 P
1414 5349 1466 5402 245
1484 5351 1621 5402 ...iovem
1645 5351 1681 5400 Τ1
1804 5350 1854 5403 251
1880 5369 2010 5404 erasurum
2034 5351 2072 5401 T·

414 5440 604 5493 oharrnseodd.
691 5437 743 5490 252
761 5440 896 5506 sparthace
910 5439 983 5490 CPT
1030 5439 1177 5490 cumsulum
1191 5437 1216 5488 P
1300 5437 1503 5504 ‘2531'ugarst·¹
1542 5438 1711 5490 siocaeodd.
1798 5437 1850 5490 255
1862 5441 1981 5506 turgidus
1993 5439 2073 5490 Molo·

414 5525 558 5594 torpheaP
658 5522 711 5577 256
729 5526 830 5577 viutunr
842 5525 896 5586 Pa·
914 5526 1012 5578 victum
1028 5524 1171 5576 Buecheler
1275 5523 1326 5577 258
1344 5525 1417 5576 sillae
1435 5525 1510 5576 codd.
1614 5522 1666 5574 260
1684 5524 1763 5576 Silius
1780 5527 1869 5591 scalpo.-
1888 5526 1980 5577 silvius
1997 5525 2071 5576 codd.

413 5610 465 5663 262
483 5611 571 5664 celeno
588 5610 663 5675 TCF,
680 5612 771 5685 splene
784 5610 809 5660 P
894 5609 945 5662 266
963 5612 1039 5680 persii
1052 5611 1127 5662 codd.
1182 5611 1301 5678 propertii
1314 5611 1388 5662 codd.
1476 5607 1528 5661 264
1546 5612 1668 5663 centimer
1682 5609 1710 5676 T,
1724 5611 1883 5663 certirnorF
1965 5607 2017 5662 265
2035 5617 2074 5663 eat

414 5701 499 5754 delere
518 5699 608 5750 malim
712 5695 763 5748 267
781 5699 850 5751 stilla
864 5697 936 5750 orr‘
1002 5699 1127 5768 septimus
1145 5697 1171 5748 P
1272 5694 1323 5748 212
1341 5695 1383 5766 ad]
1401 5705 1447 5750 aut
1465 5697 1494 5750 F
