4612 6428
894 390 973 443 XXII
992 408 1016 443 v.
1032 391 1081 444 118
1100 420 1132 427 -
1151 407 1176 442 v.
1189 389 1247 443 235.

544 562 547 568 ’
594 563 785 627 continuata
808 564 927 629 dehinc
952 564 1064 629 videas
1088 585 1171 650 quae
1196 564 1342 629 conditor
1366 587 1465 630 ansus

592 668 722 732 aemula
745 667 903 733 Palladiis
928 669 1073 733 textrina
1096 668 1238 734 educere
1262 670 1404 755 templis.

591 772 652 835 hac
676 773 756 836 celsi
780 771 944 857 quondam
968 773 1112 837 coniunx
1135 771 1318 838 reverenda
1340 773 1470 854 Leonti,

534 893 538 912 ¹
593 899 658 964 qua
680 899 745 942 non
768 879 838 943 ulla
859 878 965 962 magis
989 899 1090 942 nurus
1114 898 1269 963 umquam
1291 877 1411 942 Pontia
1433 877 1556 962 gaudet

592 983 731 1047 illustris
755 1004 813 1069 pro
838 988 927 1047 sorte
951 982 1022 1060 viri,
1047 982 1273 1047 celebrabitur
1295 982 1377 1046 aede

592 1088 645 1152 vel
671 1086 782 1173 Syrias
806 1108 966 1152 vacuasse
991 1088 1081 1153 colus
1106 1088 1159 1152 vel
1184 1087 1292 1152 serica
1314 1086 1370 1150 tila

592 1213 651 1279 per
674 1213 796 1257 cannas
820 1191 957 1257 torsisse
982 1193 1073 1257 leves
1096 1193 1149 1256 vel
1172 1191 1310 1256 stamine
1333 1192 1423 1255 lulvo

590 1297 804 1383 praegnantis
827 1296 893 1361 lusi
917 1297 1077 1360 mollitum
1100 1317 1198 1361 nesse
1223 1296 1405 1361 metallum.

521 1412 533 1452 2
590 1400 769 1487 parietibus
792 1401 965 1487 posthinc
989 1401 1100 1467 rutilat
1122 1421 1206 1486 quae
1231 1400 1383 1464 machina
1405 1399 1524 1465 iunctis

591 1505 654 1568 lert
677 1506 889 1570 recutitorum
913 1503 1089 1590 primordia
1112 1503 1319 1569 Iudaeorum.

591 1616 787 1694 perpetuum
811 1609 939 1695 pictura
962 1610 1075 1683 micat;
1099 1629 1159 1673 neo
1183 1614 1332 1694 ternpore
1347 1608 1454 1693 longo

593 1711 777 1799 depretiata
800 1735 877 1779 suas
902 1719 1036 1799 turpant
1059 1714 1226 1800 pigmenta
1249 1713 1382 1797 figuras.

642 1816 803 1883 Flecteris
826 1819 867 1882 ad
890 1819 1032 1884 laevam:
1058 1825 1090 1883 te
1114 1818 1259 1904 porticus
1282 1816 1403 1903 accipit
1425 1819 1534 1902 ampla

523 1935 534 1973 2
594 1921 726 1986 directis
751 1928 884 1985 curvata
908 1921 980 2000 viis,
1005 1920 1060 1984 ubi
1083 1921 1231 2006 margine
1256 1940 1382 1984 summo

594 2025 717 2111 pendet
740 2033 773 2089 et
795 2025 909 2089 artatis
933 2031 998 2089 stat
1022 2045 1125 2090 saxea
1149 2025 1231 2088 silva
1255 2023 1426 2088 columnis.

592 2130 659 2194 alta
681 2129 880 2193 volubilibus
904 2134 994 2214 patet
1018 2129 1070 2193 hie
1097 2129 1227 2194 cenatio
1253 2129 1370 2202 valvis;

593 2233 698 2298 fusilis
722 2231 856 2320 euripus
880 2239 1028 2320 propter;
1054 2233 1140 2298 cadit
1162 2232 1250 2297 unda
1275 2255 1417 2320 superne

592 2345 668 2404 ante
692 2337 780 2402 fores
804 2337 969 2423 pendente
994 2339 1077 2417 lacu,
1102 2358 1284 2422 venamque
1308 2339 1413 2403 secuti

592 2442 720 2507 undosa
741 2443 914 2508 inveniunt
938 2450 1055 2508 nantes
1080 2441 1237 2507 cenacula
1259 2442 1380 2527 pisces.

592 2548 772 2612 comminus
797 2547 933 2632 erigitur
958 2549 1009 2613 vel
1035 2547 1139 2634 prima
1163 2547 1214 2611 vel
1239 2545 1500 2621 extincturum

591 2672 662 2716 mos
687 2652 748 2716 erit
772 2650 823 2715 hie
847 2650 987 2714 dominis
1011 2650 1183 2716 hibernum
1208 2650 1314 2733 sigma
1337 2651 1457 2716 locare.

591 2755 687 2818 huius
712 2753 886 2840 conspicuo
911 2754 1058 2820 residens
1082 2755 1115 2818 in
1139 2756 1280 2819 culmine
1305 2775 1405 2841 saepe

592 2860 748 2924 dilectum
772 2860 894 2924 nostris
918 2859 1022 2923 Musis
1047 2860 1145 2924 simul
1169 2866 1267 2945 atque
1291 2861 1426 2946 capellis

595 2964 751 3050 aspiciam
776 2969 935 3038 montem;
959 2964 1043 3028 lauri
1067 2963 1232 3050 spatiabor
1255 2965 1288 3028 in
1312 2965 1384 3030 istis

591 3066 774 3147 frondibus,
797 3068 851 3132 bic
875 3067 1036 3154 trepidam
1053 3067 1186 3132 credam
1204 3067 1281 3132 mihi
1297 3068 1432 3136 credere
1449 3070 1624 3158 Daphnen.

592 3173 657 3237 iam
682 3173 709 3237 si
732 3173 816 3238 forte
839 3173 960 3258 gradus
988 3173 1151 3258 geminam
1182 3174 1345 3238 convertis
1368 3173 1409 3238 ad
1432 3174 1567 3255 Arcton,

592 3283 629 3341 ut
652 3278 764 3341 venias
788 3277 822 3340 in
845 3279 967 3363 templa
989 3277 1053 3352 dei,
1076 3278 1130 3362 qui
1154 3278 1315 3342 maximus
1339 3278 1396 3342 ille
1420 3285 1480 3365 est,

594 3378 720 3444 deliciis
744 3379 893 3444 redolent
916 3380 1033 3443 iunctis
1058 3379 1220 3465 apotheca
1242 3400 1427 3466 penusque;

536 3497 550 3536 Ἰ3
596 3483 648 3548 bic
672 3485 792 3548 multus
817 3489 862 3563 tu,
886 3485 998 3563 frater,
1023 3485 1098 3551 eris.
1143 3485 1207 3548 iam
1232 3483 1340 3549 divide
1365 3485 1487 3566 sedem,

594 3609 746 3653 cessurus
769 3589 848 3652 mihi
871 3588 961 3655 fonte
985 3610 1070 3668 meo,
1094 3609 1190 3674 quem
1213 3596 1323 3654 monte
1347 3590 1505 3655 fluentem

593 3691 721 3756 umbrat
744 3692 939 3756 multicavus
963 3693 1107 3778 spatioso
1132 3693 1247 3758 circite
1271 3693 1389 3757 fornix.

594 3817 657 3860 non
683 3802 759 3881 eget
782 3796 835 3860 hic
859 3797 959 3872 cultu,
983 3795 1075 3861 dedit
1098 3796 1174 3860 huic
1198 3805 1313 3862 natura
1334 3796 1498 3864 decorem.

594 3901 638 3964 nil
662 3901 772 3964 fictum
798 3901 961 3988 placuisse
985 3902 1103 3986 placet,
1128 3921 1193 3965 non
1216 3921 1338 3987 pompa
1359 3923 1420 3986 per
1443 3910 1547 3968 artem

527 4018 550 4057 ‘22‘
596 4006 673 4085 ulla,
697 4005 869 4070 resultanti
893 4026 957 4069 non
982 4012 1090 4071 comet
1112 4006 1251 4070 malleus
1275 4006 1343 4071 ictu

598 4132 688 4193 saxa,
713 4133 772 4176 nec
797 4133 935 4177 exesum
959 4110 1160 4198 supplebunt
1183 4131 1344 4175 marmora
1366 4111 1415 4176 tol
1470 4161 1476 4175 .

597 4214 650 4278 hic
674 4215 747 4279 fons
772 4214 939 4280 Castaliae
963 4215 1058 4280 nobis
1082 4215 1153 4278 vice
1178 4215 1300 4279 suflicit
1323 4216 1441 4282 undae.

597 4325 708 4383 cetera
730 4319 822 4384 dives
845 4319 945 4394 habe;
970 4320 1071 4384 eolles
1094 4325 1150 4382 tna
1173 4318 1245 4383 iura
1267 4320 1472 4392 tremiscant;

597 4423 745 4508 captivos
768 4424 822 4489 hic
847 4425 938 4488 solve
962 4430 1045 4504 tuos,
1070 4430 1103 4488 et
1127 4445 1186 4509 per
1210 4427 1287 4509 iuga
1309 4423 1412 4508 Burgi

528 4541 539 4579 2
599 4528 687 4592 laeta
710 4529 879 4595 relaxatae
902 4530 982 4594 fiant
1004 4530 1118 4594 vineta
1141 4527 1310 4593 catenae.”

645 4630 824 4697 Confirmat
847 4654 958 4698 vocem
983 4634 1113 4697 iamiam
1137 4653 1239 4720 prope
1265 4632 1392 4697 sobrius
1415 4633 1511 4697 istam

598 4735 738 4817 Silenus,
762 4737 949 4823 pariterque
973 4737 1063 4802 chori
1088 4737 1239 4801 cecinere
1262 4736 1426 4801 faventes:

598 4840 720 4926 “Nysa,
745 4841 817 4905 vale
842 4841 983 4921 Bromio,
1008 4840 1144 4905 Phoebo
1168 4840 1315 4905 Parnase
1339 4840 1499 4906 bivertex.

596 4965 661 5008 non
684 4944 780 5008 istum
804 4943 930 5025 Naxus,
954 4965 1018 5008 non
1043 4944 1141 5007 istum
1165 4941 1281 5007 Cirrha
1305 4943 1460 5028 requirat,

527 5063 564 5099 ‘2³⁵
599 5046 656 5111 sed
681 5068 776 5132 mage
800 5055 961 5134 perpetuo
985 5047 1116 5131 Burgus
1140 5046 1300 5132 placitura
1323 5044 1485 5132 petatur.’'

334 5273 384 5326 192
400 5276 476 5326 aulus
491 5275 513 5326 0
610 5272 659 5324 193
680 5275 806 5324 textrinae
829 5274 922 5324 ducere
937 5273 987 5334 ΟΡ,
1012 5273 1122 5325 textrina
1140 5272 1274 5324 ducersF
1371 5271 1420 5323 194
1437 5291 1468 5326 ac
1480 5275 1512 5338 P,
1536 5277 1602 5328 hanc
1615 5275 1644 5327 F
1704 5275 1889 5328 venerandaC

228 5364 316 5415 leontii
335 5362 409 5413 codd.
527 5359 577 5413 199
595 5362 668 5412 nulla
686 5361 714 5410 F
793 5362 883 5426 poncia
904 5361 926 5411 0
1042 5359 1090 5412 198
1109 5362 1198 5412 torsise
1217 5359 1243 5410 P
1321 5362 1392 5412 levas
1415 5360 1454 5410 Τιι
1569 5361 1623 5412 209
1640 5380 1715 5430 quara
1735 5361 1767 5426 P,
1792 5378 1844 5428 qua
1866 5360 1891 5410 'I'

229 5447 281 5499 292
299 5457 415 5516 tempora
429 5451 466 5500 0⁸
530 5448 627 5514 longua
644 5447 669 5496 Τ
762 5445 813 5497 293
832 5449 953 5514 figmenta
965 5448 994 5498 F
1051 5449 1148 5514 ligurus
1165 5449 1185 5499 ir
1198 5446 1239 5497 P·
1338 5446 1390 5499 204
1407 5449 1510 5499 laevum
1528 5448 1553 5498 Τ
1651 5447 1704 5501 298
1721 5449 1828 5500 auribus
1841 5449 1887 5511 0⁸,

229 5539 353 5603 eurippus
370 5535 399 5586 F
508 5532 684 5586 2121111102Ί
760 5551 848 5600 sycma
871 5534 899 5598 Τ,
922 5536 1012 5586 struma
1032 5535 1085 5598 CF,
1108 5552 1208 5601 symma
1226 5535 1251 5584 P
1361 5532 1413 5585 216
1436 5535 1539 5601 daphne
1559 5536 1587 5587 F
1695 5533 1747 5585 218
1765 5533 1801 5600 in]
1820 5535 1889 5586 ..1³

228 5623 272 5674 illo
291 5623 320 5673 F
419 5619 470 5671 221
489 5624 572 5672 fronte
590 5621 618 5672 F
718 5617 770 5670 222
788 5621 916 5672 nmbruP
1023 5619 1074 5672 226
1092 5622 1204 5688 cophum
1217 5620 1246 5672 F
1345 5619 1397 5671 228
1416 5621 1493 5672 babet
1506 5622 1541 5672 0¹
1648 5619 1701 5672 233
1719 5621 1820 5672 brumio
1839 5619 1892 5671 PF

230 5710 301 5760 lehre
320 5708 348 5759 F
414 5725 535 5776 parnasse
555 5707 601 5759 ΟΡ
701 5707 753 5760 235
771 5709 802 5758 ed
823 5709 845 5759 0

335 5827 462 5882 Sincaius.
1647 5827 1682 5881 32
