4612 6428
843 418 934 478 XVIII
952 427 967 487 ξ
985 420 1018 476 18
1037 451 1069 461 -
1088 417 1152 474 XIX
1170 425 1186 484 ξ
1203 419 1245 475 23.
1808 415 1867 488 291

328 595 391 670 Qui
419 596 512 672 dicit,
548 596 590 660 ab
619 596 723 660 Adam
755 617 857 682 usque
893 597 934 661 ad
964 595 1129 660 Christum
1163 596 1270 660 nullos
1297 617 1339 660 ex
1370 597 1523 680 gentibus
1557 618 1616 683 per
1649 597 1784 683 primam
1818 598 1871 661 dei
1904 598 1923 661 8
1970 585 2003 658 G

225 702 378 788 gratiam,
411 700 443 764 id
472 709 522 765 est
548 722 608 786 per
639 700 746 786 legem
776 708 928 782 naturae,
963 703 995 766 in
1028 701 1204 766 adveutum
1236 699 1356 764 Christi
1388 700 1489 766 fuisse
1519 701 1678 779 salvatos,
1715 721 1753 766 eo
1787 701 1873 787 quod

223 805 363 870 liberum
386 804 556 868 arbitrium
579 804 627 869 eis
651 805 801 870 omnibus
825 806 858 870 in
881 807 985 892 primo
1009 812 1145 892 parante
1168 804 1311 891 perierit.

327 905 390 981 Qui
414 906 505 988 dicit,
533 909 734 994 patriarchas
757 930 795 974 so
823 910 1076 996 prophetasset
1108 929 1252 972 summos
1281 927 1427 993 quosque
1459 911 1644 972 sanctorum
1675 909 1772 973 etiam
1796 916 1873 973 ante
1906 911 1926 973 9

186 1030 197 1067 5
224 1012 457 1098 redemptionis
481 1017 630 1097 tempora
652 1013 685 1077 in
708 1012 853 1099 paradisi
876 1012 1078 1079 habitatione
1102 1011 1265 1097 deguisse.

328 1114 390 1188 Qui
414 1114 500 1196 dicit,
523 1115 617 1200 ignes
642 1123 675 1180 et
697 1115 825 1182 inferna
847 1139 912 1182 non
936 1138 1019 1183 esse.
1887 1121 1925 1180 10

326 1220 420 1286 Haec
443 1221 552 1285 omnia
574 1222 666 1305 quasi
689 1221 788 1307 impia
811 1230 845 1287 et
867 1223 1047 1308 sacrilegiis
1071 1222 1196 1308 repleta
1220 1219 1433 1287 condemno..
1886 1225 1921 1286 11

325 1321 376 1388 Ita
405 1329 514 1388 sutem
542 1345 653 1390 assero
681 1325 819 1410 gratiam
848 1326 915 1407 dei,
945 1333 980 1390 ut
1011 1325 1160 1390 adnisum
1194 1325 1333 1390 hominis
1357 1333 1389 1390 et
1412 1332 1566 1390 conatum
1589 1327 1713 1411 gratiae
1744 1327 1925 1412 sempertl

223 1428 398 1513 adiungam

172 1549 197 1587 ¹0
326 1539 359 1596 et
380 1531 566 1596 libertatem
593 1533 769 1597 voluntatis
795 1533 956 1598 humanae
983 1555 1049 1598 non
1077 1535 1273 1599 exstinctam
1302 1533 1361 1598 sed
1386 1540 1589 1599 attenuatam
1616 1537 1648 1598 et
1677 1533 1925 1598 infirmatam13

225 1658 300 1702 esse
328 1636 535 1722 pronuntiem
568 1645 600 1700 et
627 1636 804 1722 periclitari
827 1658 902 1701 eum
926 1638 979 1722 qui
1005 1637 1114 1702 salvus
1138 1643 1189 1702 est
1212 1644 1245 1703 et
1269 1659 1342 1702 eum
1367 1639 1422 1723 qui
1445 1637 1543 1724 periit
1566 1639 1712 1724 potuisse
1736 1636 1872 1714 salvari;

327 1738 492 1803 Christum
527 1739 626 1804 etiam
660 1739 756 1804 deurn
792 1763 829 1805 ac
866 1740 1059 1804 salvatorem
1095 1746 1259 1820 nostrum,
1300 1749 1457 1826 quantum
1494 1743 1636 1827 pertinet
1670 1740 1711 1805 ad
1746 1740 1926 1806 diuitiasld

222 1843 378 1908 bonitatis
402 1864 492 1921 suae,
516 1843 654 1929 pretium
678 1843 792 1906 mortis
816 1863 873 1928 pro
898 1843 1048 1907 omnibus
1073 1843 1241 1924 obtulisse,

326 1956 360 2013 et
382 1949 458 2034 quia
480 1948 603 2012 nullum
628 1949 737 2034 perire
760 1948 850 2028 velit,
873 1947 928 2031 qui
955 1955 1006 2010 est
1029 1948 1174 2012 salvator
1197 1948 1341 2012 omnium
1362 1946 1537 2030 hominurn,
1562 1947 1702 2012 maxime
1719 1947 1924 2027 fidelium‚15

172 2067 196 2105 ¹⁵
226 2051 316 2116 dives
340 2053 373 2116 in
398 2050 548 2116 omnibus
572 2052 626 2136 qui
650 2052 802 2115 invocant
824 2051 924 2116 illum.

325 2155 368 2220 Et
405 2155 481 2242 quia
518 2156 552 2219 in
590 2155 689 2219 tantia
729 2155 826 2219 rebus
865 2155 1085 2220 conscientiae
1127 2155 1393 2220 satisfaciendum
1432 2163 1500 2234 est,
1542 2155 1673 2219 memini
1708 2176 1760 2219 me
1798 2156 1925 2219 antetd

223 2260 362 2338 dixisse,
397 2259 482 2345 quod
514 2258 663 2324 Christus
697 2279 755 2345 pro
788 2259 840 2323 his
874 2264 1000 2323 tantum
1033 2280 1113 2346 quos
1144 2259 1323 2325 credituros
1352 2258 1527 2346 praescivit
1559 2257 1762 2341 advenisset,
1797 2279 1872 2324 sen-

223 2365 342 2428 tentias
389 2363 565 2428 dominicas
614 2383 775 2448 sequens,
824 2362 941 2449 quibus
988 2365 1052 2428 ait:
1111 2365 1212 2429 sicut
1257 2363 1374 2428 filius
1420 2363 1597 2428 homiuis
1642 2384 1720 2427 non
1765 2363 1874 2428 venit

222 2467 455 2549 ministrari,
499 2467 570 2532 sed
609 2467 842 2532 ministrare
881 2479 922 2531 et
958 2467 1129 2532 animam
1171 2489 1279 2532 suam
1321 2466 1637 2554 redemptionem
1674 2465 1768 2532 dare
1806 2487 1872 2552 pro

169 2584 195 2624 ²⁰
221 2571 384 2652 multis,
418 2577 452 2636 et
479 2571 576 2635 illud:
612 2571 675 2636 hio
713 2579 772 2636 est
806 2571 920 2635 calix
957 2573 1162 2657 sanguinis
1197 2573 1272 2636 mai
1304 2572 1391 2635 novi
1426 2572 1673 2652 testamenti,
1709 2572 1776 2656 qui
1804 2591 1872 2657 pro

221 2675 359 2739 multis
395 2673 648 2740 effundetur
680 2676 718 2738 in
752 2675 1030 2740 remissionem
1066 2682 1337 2761 peccatorum,
1374 2674 1426 2738 vel
1458 2674 1538 2738 illud
1572 2675 1724 2761 apostoli:
1761 2675 1874 2738 sicut

224 2778 354 2844 semel
383 2782 577 2842 statutum
610 2783 670 2843 est
697 2778 922 2844 hominibus
953 2779 1068 2858 mori,
1100 2779 1158 2843 ita
1186 2784 1227 2843 et
1250 2777 1435 2842 Christus
1467 2778 1588 2842 semel
1620 2778 1782 2842 oblatus
1813 2783 1874 2841 eat

222 2881 268 2946 ad
291 2881 520 2946 multorum
545 2882 826 2947 exhaurienda
848 2889 1038 2969 peccata.
1077 2904 1163 2947 nunc
1179 2903 1257 2946 vero
1275 2903 1440 2948 sacrorum
1458 2881 1716 2947 testimoniorum
1732 2881 1871 2945 auctori·
1885 2882 1923 2944 17

222 2991 306 3064 tate,
345 3005 429 3070 quae
466 2985 596 3049 abunde
636 3006 695 3071 per
732 2987 838 3072 spatia
880 2986 1063 3050 divinarum
1104 2987 1335 3072 scripturarum
1375 2987 1600 3067 inueniuntur,
1639 2991 1672 3050 et
1710 2985 1873 3050 seniorum

168 3103 193 3141 ²⁵
220 3087 387 3152 doctrinae
412 3089 537 3154 ratione
560 3090 735 3176 patefacta,
763 3090 869 3154 libens
892 3090 1006 3170 fateor,
1031 3088 1196 3154 Christum
1221 3090 1319 3155 etiam
1342 3112 1400 3177 pro
1424 3089 1558 3177 perditis
1582 3087 1765 3167 advenisse,
1796 3088 1872 3172 quia

221 3191 335 3258 eodem
368 3194 500 3257 nolente
533 3195 708 3280 perierunt.
762 3215 870 3280 neque
903 3195 989 3258 enim
1023 3193 1073 3258 fas
1106 3199 1173 3274 est,
1206 3195 1293 3259 circa
1322 3213 1378 3258 eos
1410 3195 1513 3258 solum
1545 3193 1599 3279 qui
1625 3192 1774 3258 videntur
1798 3192 1924 3256 esse18

222 3296 337 3361 salvati
361 3297 540 3362 immensae
564 3297 692 3362 divitias
717 3299 871 3362 bonitatis
894 3320 933 3364 ae
957 3299 1117 3364 beneficia
1140 3299 1251 3363 diviua
1274 3298 1431 3364 concludi.
1476 3320 1552 3363 nam
1577 3299 1603 3362 si
1628 3297 1794 3362 Christum
1821 3297 1872 3361 his

221 3404 348 3465 tantum
384 3397 531 3466 remedia
568 3403 718 3467 attulisse
755 3401 908 3482 dicimus,
947 3403 1001 3489 qui
1040 3402 1200 3489 redempti
1245 3408 1335 3482 sunt,
1373 3401 1556 3467 videbimur
1594 3401 1765 3466 absoluere
1805 3421 1870 3465 non

221 3503 417 3590 redemptos,
442 3526 524 3590 quos
547 3527 605 3592 pro
627 3504 851 3592 redemptione
876 3513 1065 3592 contempta
1089 3513 1214 3570 constat
1237 3527 1311 3571 esse
1335 3505 1527 3592 puniendos.

168 3623 193 3661 ³⁰
323 3607 447 3674 Assero
479 3610 591 3691 etiam,
626 3632 686 3698 per
719 3612 878 3676 rationem
912 3617 944 3675 et
976 3609 1123 3675 ordinem
1152 3612 1357 3675 saeculorum
1393 3609 1472 3674 alios
1506 3610 1580 3695 lege
1615 3610 1756 3694 gratiae,
1790 3609 1924 3674 aliosltl

219 3712 294 3797 lege
318 3712 440 3799 Moysi,
470 3711 552 3778 alios
581 3714 656 3799 lege
688 3721 841 3796 naturae,
871 3733 967 3799 quam
994 3712 1076 3779 deus
1099 3714 1132 3778 in
1155 3715 1299 3778 omnium
1323 3712 1474 3779 cordibus
1499 3714 1645 3800 scripsit,
1676 3713 1709 3776 in
1732 3733 1790 3798 spe
1814 3711 1871 3776 ad-

218 3823 336 3882 ventus
361 3817 483 3882 Christi
504 3817 605 3884 fuisse
629 3819 783 3900 salvatos,

321 3919 427 3986 nullos
450 3925 560 3988 tamen
584 3945 627 3989 ex
649 3923 741 3988 initio
763 3922 874 3987 mundi
898 3921 939 3986 ab
964 3921 1114 4007 originali
1136 3943 1225 3987 nexu
1253 3922 1315 3986 nisi
1338 3921 1571 3987 intercessione
1595 3921 1678 3986 sacri
1702 3920 1922 4005 sanguinis20

220 4025 400 4093 absolutos.

165 4143 191 4182 ³⁵
322 4129 485 4196 Profiteor
519 4131 618 4196 etiam
654 4138 806 4197 aeternos
841 4133 934 4218 ignes
970 4138 1003 4198 et
1036 4133 1212 4199 infernales
1245 4134 1393 4198 flammas
1427 4132 1521 4197 Iactis
1550 4131 1744 4220 capitalibus
1776 4133 1920 4218 prae-21

220 4241 364 4319 paratas,
387 4236 464 4320 quia
486 4243 739 4322 perseuerantes
762 4239 794 4301 in
819 4237 917 4300 finem
941 4238 1100 4318 humanas
1125 4240 1239 4325 culpas
1263 4239 1376 4303 merito
1400 4237 1546 4323 sequitur
1568 4235 1678 4301 divina
1694 4235 1871 4316 sententia,

219 4357 315 4421 quarn
339 4339 424 4403 luste
446 4339 615 4404 incurrunt
638 4341 692 4424 qui
716 4341 794 4405 haec
818 4363 883 4406 nou
906 4349 975 4407 toto
999 4343 1097 4407 corde
1122 4343 1329 4408 crediderint.

324 4441 424 4508 Orate
452 4465 511 4529 pro
539 4465 603 4526 me,
633 4445 752 4509 domini
776 4447 880 4511 sancti
904 4455 937 4512 et
960 4447 1131 4533 apostolici
1154 4453 1276 4534 patres.
1882 4446 1922 4508 22

321 4545 467 4611 Lucidus
495 4547 666 4634 presbyter
693 4549 778 4614 hanc
809 4550 981 4637 epistulam
1014 4572 1112 4616 manu
1141 4552 1271 4638 propria
1300 4549 1478 4635 subscripsi
1508 4554 1542 4613 et
1569 4568 1653 4634 quae
1681 4549 1713 4612 in
1745 4568 1785 4613 aa
1812 4547 1869 4611 ad·
1882 4550 1922 4613 23

167 4665 194 4702 ⁴⁰
222 4657 391 4715 struuntur
413 4671 527 4716 assero
552 4657 585 4716 et
608 4671 692 4738 quae
716 4659 792 4717 aunt
815 4652 969 4718 damnata
992 4653 1120 4719 damno.

323 4906 476 4961 iuuatur.
496 4907 615 4974 1111,28.
702 4911 738 4964 21)
754 4910 856 4967 Matth.
875 4910 975 4978 XXVI,
992 4913 1035 4967 28.
1122 4913 1155 4967 21
1174 4912 1243 4968 Hah.
1262 4911 1310 4976 IX,
1328 4912 1370 4967 21.
1390 4911 1431 4964 28.

321 5047 456 5100 luullum
475 5049 608 5101 Baronius
711 5047 783 5104 deis
800 5050 931 5120 omnihus]
950 5053 1016 5104 coni.
1034 5053 1185 5117 Mammam,
1209 5071 1242 5105 ex
1259 5055 1379 5106 omnihus
1400 5050 1459 5116 GH,
1481 5067 1530 5102 om.
1549 5049 1682 5100 Baronim
1751 5045 1866 5117 perierit]

217 5133 281 5185 coni.
300 5131 452 5200 Mammea,
469 5137 625 5203 perdiderint
645 5137 701 5189 GH
715 5137 849 5190 Baroniua
952 5137 970 5190 4
987 5135 1057 5205 dicit]
1076 5157 1124 5191 om.
1141 5137 1167 5191 G
1236 5157 1338 5206 quoque
1358 5135 1384 5190 G
1486 5136 1503 5190 5
1522 5137 1548 5188 in
1569 5163 1599 5172 -
1620 5131 1786 5202 habitatione]
1809 5135 1870 5199 GH,

215 5220 285 5271 intra
300 5221 447 5286 paradisum
459 5221 593 5274 Bcrmrius
679 5223 696 5276 6
713 5227 758 5292 qui
771 5253 804 5264 -
817 5223 884 5292 esse]
900 5223 961 5289 GH,
979 5241 1027 5276 om.
1040 5225 1175 5276 Bormam
1262 5221 1295 5275 12
1313 5225 1443 5276 dominum
1455 5223 1590 5275 Berenice
1641 5218 1684 5288 ao]
1698 5229 1724 5274 at
1735 5221 1870 5272 Beronices

217 5303 251 5356 13
268 5305 399 5374 omnibus]
418 5309 565 5360 hominihus
578 5309 640 5361 odd.
653 5310 687 5361 Η
768 5309 802 5362 14
819 5309 963 5378 homiuum]
983 5327 1031 5362 em.
1044 5311 1177 5362 Beronices
1265 5308 1299 5362 16
1316 5317 1342 5362 et
1354 5337 1385 5346 -
1400 5307 1434 5360 29
1452 5317 1552 5361 constat
1568 5325 1625 5360 esse
1641 5305 1795 5376 puniendos]
1810 5307 1870 5370 GH,

216 5409 264 5442 om.
278 5391 412 5444 Bormam
476 5391 525 5462 est]
537 5395 575 5460 H,
592 5397 680 5449 emti
777 5395 810 5449 18
827 5395 903 5463 sieut]
916 5397 953 5460 H,
970 5395 1048 5450 sieG
1109 5398 1182 5449 uenit
1199 5414 1250 5448 non
1263 5395 1298 5446 H
1388 5393 1420 5446 21
1439 5396 1579 5447 effunditur
1593 5391 1619 5445 G
1679 5394 1828 5446 remissione
1844 5389 1870 5444 G

215 5477 251 5529 24
273 5481 469 5547 scripturarum]
493 5499 542 5532 orn.
562 5479 588 5533 G
691 5481 726 5536 ab
742 5486 788 5551 qui
806 5484 840 5535 H
938 5482 973 5536 26
991 5483 1045 5551 p(s
1064 5503 1084 5537 s.
1103 5486 1121 5538 1.
1142 5481 1195 5549 (11)
1209 5483 1308 5535 riarum
1327 5478 1353 5533 G
1454 5479 1489 5532 30
1505 5483 1603 5532 ratione
1624 5476 1650 5530 G
1720 5481 1818 5548 gratiae
1836 5507 1869 5518 -

215 5562 248 5615 31
267 5567 350 5632 moysi
367 5567 430 5619 alios
448 5566 514 5635 lega]
533 5570 561 5620 in
579 5571 689 5621 transm
705 5589 723 5621 a
736 5571 838 5636 popina
856 5571 892 5621 od
904 5571 1033 5636 papinum
1051 5589 1098 5622 om.
1114 5567 1140 5622 G
1271 5567 1306 5620 33
1328 5563 1425 5633 nullos]
1449 5583 1497 5617 om·
1514 5564 1646 5616 Berenice
1737 5564 1781 5633 ax]
1799 5575 1826 5617 et
1844 5563 1870 5616 G

215 5649 250 5704 33
267 5650 411 5721 sanguinis]
431 5673 482 5706 non
501 5655 564 5707 add
576 5655 709 5708 Bor-onius
809 5655 844 5709 35
863 5654 999 5723 disemos,
1017 5673 1072 5711 roe.
1087 5655 1109 5708 t
1125 5653 1150 5708 G
1245 5653 1280 5708 36
1298 5657 1325 5706 iu
1343 5651 1429 5719 tinem]
1444 5669 1494 5704 om.
1505 5651 1638 5703 Barmtius
1738 5649 1772 5702 31
1791 5653 1870 5704 oredi-

215 5740 309 5792 derunt
328 5735 354 5790 G
456 5737 491 5792 39
508 5742 609 5794 lucidus
627 5769 660 5779 —·
678 5739 714 5794 40
730 5740 833 5812 murno]
853 5761 901 5794 om.
919 5742 1053 5796 Βανωιίιω
1122 5745 1234 5814 epistula
1252 5739 1278 5796 G
1381 5739 1417 5794 40
1433 5741 1565 5792 demunao
1585 5735 1611 5789 G

1612 5857 1666 5916 37·
