4612 6428
864 394 1154 467 river-xva
1188 395 1214 453 4.
1804 399 1865 462 am

223 574 386 639 confessio
411 593 486 638 esse
509 578 633 659 potest,
664 572 842 638 satisfactio
872 593 945 638 esse
978 595 1041 638 non
1066 580 1184 661 potest.
1229 595 1304 638 nam
1332 573 1408 660 quia
1434 573 1530 638 deus
1559 593 1633 638 non
1662 572 1867 654 irridetur,
1924 583 1993 657 GP

222 679 295 764 ipse
318 699 354 742 se
378 676 509 762 decepit
532 678 587 763 qui
610 679 705 742 morti
729 678 838 742 multis
862 678 1066 763 temporibus
1089 679 1172 742 vixit
1194 684 1227 744 ct
1249 677 1291 744 ad
1314 676 1534 764 quaerendam
1558 678 1659 742 vitam
1681 677 1746 742 iarn
1772 677 1868 742 semi-

223 783 317 845 vivus
341 782 491 866 assurgit,
519 786 555 844 ut
578 787 655 846 tunc
679 780 842 845 officiosus
866 788 1033 865 appareat,
1062 781 1189 867 quando
1213 781 1394 846 dominicae
1418 782 1567 846 servituti
1590 781 1699 846 omnia
1723 781 1867 868 corporis

222 893 256 951 et
279 887 407 952 animae
431 884 667 950 subtrahuntur
693 886 809 950 officia.
855 887 942 950 circa
970 885 1213 971 exsequendam
1241 887 1404 950 interioris
1431 885 1571 949 bominis
1602 885 1776 950 sanitatem
1802 905 1867 950 non
1900 888 1919 947 5

181 1006 192 1044 ⁵
223 991 293 1055 sola
314 988 496 1076 accipiendi
516 989 678 1067 voluntas,
703 989 761 1053 sed
784 987 902 1074 agendi
927 995 1138 1076 exspectatur
1156 990 1291 1057 utilitas.
1332 991 1379 1055 ita
1404 991 1490 1054 enim
1506 989 1658 1074 legimus:
1683 989 1730 1068 si,
1753 989 1868 1074 inquit,

221 1101 413 1182 peccator
446 1093 744 1179 paenitentiam
777 1093 908 1178 egerit
939 1114 1012 1178 pro
1047 1094 1223 1178 peccatis
1259 1094 1344 1158 ruis
1379 1093 1527 1179 (egerit
1560 1093 1769 1171 memoravit,
1804 1113 1870 1156 non

221 1200 326 1264 solum
355 1196 438 1286 dixit
469 1194 713 1282 acceperit),
747 1197 789 1260 in
818 1219 901 1278 sua,
935 1198 1053 1283 inquit,
1089 1199 1255 1264 iustitia
1287 1220 1403 1285 quam
1438 1205 1627 1284 operatus
1657 1201 1722 1262 est
1751 1197 1869 1262 vivit.

221 1301 379 1378 advertis,
408 1300 495 1386 quod
525 1299 711 1364 huiusmodi
737 1299 898 1365 medicina
921 1301 1005 1364 sicut
1028 1322 1084 1366 ore
1108 1301 1290 1387 poscenda,
1322 1303 1368 1366 ita
1397 1322 1495 1388 opere
1523 1298 1779 1368 consummanda
1801 1305 1868 1374 est;
1901 1302 1920 1364 6

219 1406 379 1470 insultare
403 1403 464 1468 deo
488 1402 618 1468 videtur
641 1403 695 1488 qui
718 1403 774 1467 illo
809 1412 958 1490 tempore
988 1404 1030 1469 ad
1057 1405 1218 1470 medicum
1245 1406 1352 1471 noluit
1375 1405 1487 1471 venire
1520 1426 1583 1491 qno
1615 1406 1722 1492 potuit
1750 1411 1784 1470 et
1811 1404 1868 1468 illo

169 1525 195 1563 ¹⁰
224 1517 301 1576 tunc
324 1510 439 1596 incipit
455 1509 540 1573 velle
564 1529 627 1593 quo
652 1529 716 1572 non
738 1513 858 1593 potest.
897 1530 979 1594 opus
1003 1510 1113 1596 itaque
1130 1516 1189 1591 est,
1212 1517 1249 1574 ut
1264 1516 1387 1595 quanta
1401 1510 1435 1574 in
1450 1507 1616 1595 peccando
1632 1509 1694 1573 fuit
1709 1508 1867 1594 abruptae

223 1622 258 1679 et
272 1619 411 1699 vegetae
429 1611 470 1676 ad
486 1612 607 1676 malum
623 1612 742 1676 mentis
759 1613 908 1694 intentio,
932 1619 1025 1678 tanta
1041 1615 1083 1677 sit
1105 1613 1139 1678 in
1155 1616 1327 1679 vulnerum
1352 1614 1521 1678 curatione
1545 1611 1685 1678 devotio.
1725 1611 1869 1678 secundo
1903 1613 1921 1674 7

221 1717 379 1804 quaesisti
405 1716 493 1797 loco,
527 1722 635 1780 utrum
664 1717 735 1780 sola
763 1716 902 1781 sufficiat
930 1716 972 1781 ad
1004 1718 1142 1783 salutem
1174 1719 1285 1782 unitae
1319 1718 1457 1784 seientia
1488 1716 1652 1782 trinitatis.
1703 1717 1735 1780 in
1768 1715 1868 1781 rebus

222 1823 274 1888 dei
312 1841 377 1885 non
411 1819 515 1883 solum
550 1819 703 1884 credendi
737 1822 820 1885 ratio
858 1821 1033 1905 requiritur
1070 1821 1128 1886 sed
1166 1820 1327 1907 placendi.
1383 1821 1465 1886 fides
1503 1841 1581 1905 ergo
1621 1818 1708 1884 nuda
1746 1820 1871 1885 meritis
1903 1822 1922 1884 8

220 1927 328 1992 inania
352 1931 385 1990 et
408 1945 511 1988 vacua
535 1930 596 1998 est,
622 1925 706 1988 sicut
729 1925 898 2010 apostolus
923 1923 1017 1990 dicit:
1046 1925 1143 2010 quid
1165 1925 1345 2011 prodest,
1374 1926 1406 1989 si
1429 1924 1550 1989 fidem
1580 1925 1670 2009 quis
1694 1923 1804 1990 dicat
1827 1944 1869 1988 se

170 2046 194 2084 ¹⁵
224 2030 388 2108 habere,
422 2048 544 2113 opera
573 2034 708 2093 autem
735 2049 811 2092 non
839 2028 1005 2093 habeat?
1055 2029 1247 2115 numquid
1277 2035 1411 2117 potest
1437 2029 1543 2095 fides
1575 2050 1735 2095 servare
1763 2033 1870 2094 eum?

222 2135 368 2220 sequitur
391 2133 476 2197 anim
500 2137 534 2197 et
556 2130 647 2196 dicit:
677 2132 786 2196 fides
811 2133 846 2196 si
868 2154 940 2196 non
963 2133 1108 2197 babeat
1131 2155 1263 2220 opera,
1293 2142 1450 2199 mortua
1473 2140 1533 2200 est
1554 2134 1594 2198 in
1617 2139 1745 2198 semet
1771 2133 1870 2218 ipsa.

222 2239 290 2304 sed
313 2237 415 2302 dicit
438 2236 541 2321 quis:
575 2241 616 2299 tu
638 2235 759 2299 fidem
782 2235 904 2300 habes
927 2242 968 2300 et
999 2257 1070 2322 ego
1101 2257 1220 2324 opera
1250 2238 1390 2314 habe0;
1421 2236 1591 2302 ostende
1621 2236 1720 2301 mihi
1748 2234 1870 2300 Iidem

221 2350 325 2408 tuam
364 2342 453 2406 aine
491 2339 687 2427 operibus
721 2346 761 2404 et
795 2360 870 2424 ego
909 2341 1112 2406 ostendam
1152 2342 1228 2406 tibi
1264 2362 1311 2406 ex
1352 2341 1541 2429 operibus
1578 2341 1700 2406 fidem
1738 2359 1870 2404 meam.

223 2445 401 2514 secundum
435 2445 517 2509 baec
549 2444 698 2508 sulficere
729 2464 788 2530 per
821 2465 857 2508 se
888 2445 958 2507 sola
990 2443 1168 2509 credulitas
1197 2466 1262 2509 non
1289 2445 1457 2532 probatur.
1507 2467 1583 2510 nam
1615 2445 1691 2509 dum
1724 2445 1808 2510 scire
1839 2449 1872 2509 et
1904 2445 1924 2507 9

170 2566 196 2606 2⁰
225 2552 358 2618 credere
382 2551 482 2615 etiam
516 2547 665 2612 diabolus
693 2549 868 2629 invenitur,
895 2549 977 2612 sicut
1004 2549 1091 2613 idam
1121 2549 1290 2635 apostolus
1318 2549 1410 2614 dicit:
1447 2557 1487 2613 tu
1514 2548 1660 2632 credis,
1690 2548 1871 2635 quoniam

221 2677 317 2722 unus
346 2661 407 2718 est
434 2653 550 2728 deus;
581 2651 682 2716 bene
711 2652 834 2731 facis,
868 2673 955 2716 nam
984 2658 1021 2716 et
1048 2652 1261 2718 daemonas
1293 2654 1460 2719 credunt
1483 2659 1521 2719 et
1544 2654 1870 2720 contremiscunt.

221 2762 280 2826 via
310 2765 443 2824 autem
477 2757 605 2836 scire,
642 2756 797 2820 cliomo
827 2757 980 2836 inanis,
1016 2757 1205 2842 quoniam
1235 2757 1343 2822 tides
1374 2758 1462 2824 sine
1493 2758 1685 2844 operibus
1717 2762 1871 2822 mortua

221 2870 300 2932 eat?
346 2861 1013 2946 Abrahampaternosternonne
1047 2861 1326 2947 exoperibus
1356 2862 1722 2926 iustificatusest?
1767 2867 1801 2925 et
1828 2865 1922 2927 naltl

221 2990 313 3056 spem
336 2971 481 3030 nostram
505 2965 538 3028 in
562 2964 632 3027 sola
655 2961 731 3026 fidei
753 2967 847 3049 parte
870 2984 1045 3049 ponamus,
1074 2965 1121 3028 ita
1144 2965 1319 3030 conclusit:
1354 2966 1589 3032 sicutenim
1613 2987 1756 3053 corpus
1780 2967 1870 3032 aine

168 3084 193 3125 2⁵
224 3071 368 3158 spiritu
395 3073 589 3132 mortuum
620 3072 696 3145 est,
734 3065 793 3130 ita
824 3072 864 3130 et
894 3066 996 3132 fides
1030 3067 1114 3133 sine
1145 3069 1332 3153 operibus
1362 3075 1513 3135 mortua
1545 3077 1624 3150 est,
1656 3071 1726 3136 sine
1754 3071 1870 3157 quibus

220 3176 352 3240 inanem
368 3193 441 3237 esse
459 3171 624 3235 hominem
640 3169 733 3234 dixit.
770 3171 908 3235 multum
925 3171 1078 3235 similium
1095 3173 1355 3239 testimoniorum
1372 3174 1477 3240 studio
1494 3175 1664 3240 brevitatis
1681 3176 1870 3241 omittimus.

220 3279 391 3366 apostolus
410 3275 545 3357 Paulirs,
568 3273 609 3338 de
635 3275 725 3338 cuius
748 3280 882 3360 pectore
907 3277 999 3362 quasi
1022 3275 1062 3341 de
1087 3277 1209 3364 templo
1232 3299 1291 3342 suo
1314 3278 1463 3345 dominus
1485 3281 1690 3366 loquebatur,
1714 3280 1871 3366 numquid
1885 3283 1920 3342 11

221 3385 324 3448 sclam
353 3381 451 3446 fidem
482 3379 543 3444 sibi
570 3379 725 3444 iudicavit
755 3378 796 3443 ad
824 3380 1009 3465 superanda
1038 3380 1150 3445 mundi
1179 3383 1266 3446 mala
1298 3405 1396 3469 posse
1432 3391 1633 3471 competere,
1668 3386 1719 3472 ita,
1744 3383 1871 3450 dicens:

221 3487 372 3572 castigo
396 3505 540 3570 corpus
564 3504 689 3547 meum
713 3489 751 3547 et
778 3485 816 3548 in
850 3486 1085 3550 servitutem
1110 3486 1270 3572 redigo,
1299 3509 1344 3552 ne
1372 3489 1488 3567 forte,
1519 3509 1601 3553 cum
1630 3488 1723 3554 aliis
1752 3510 1870 3574 prae·

169 3607 195 3646 ³⁰
223 3592 429 3670 dicavere,
451 3589 544 3675 ipse
567 3586 759 3673 reprobus
784 3589 977 3653 efficiar?
1023 3610 1100 3655 ecce
1124 3591 1277 3676 pervitia
1300 3591 1445 3677 corporis
1468 3592 1626 3679 reprobus
1648 3593 1719 3660 fieri
1740 3594 1923 3670 metuit312

221 3697 287 3761 iam
309 3695 467 3781 probatus
491 3712 550 3778 per
573 3691 742 3756 mortifera
764 3692 944 3757 carnalium
976 3693 1127 3778 contagia
1156 3695 1343 3779 passionum
1370 3716 1428 3760 vas
1457 3697 1672 3762 contumeliae
1693 3697 1769 3762 'fieri
1796 3718 1870 3784 per·

220 3801 376 3879 timescit,
404 3798 460 3884 qui
488 3798 552 3861 iam
575 3817 631 3859 vas
656 3796 826 3860 electionis
851 3796 988 3860 effectus
1013 3802 1077 3861 est!
1117 3796 1300 3878 videamus,
1329 3799 1357 3862 si
1380 3800 1467 3865 vitae
1490 3821 1569 3865 suae
1592 3800 1765 3887 prodigum
1788 3800 1870 3866 fides
1884 3803 1922 3865 13

221 3906 292 3970 sola
315 3902 468 3968 defendat
492 3907 526 3966 et
548 3899 745 3985 baptizatus,
769 3905 805 3963 ut
828 3898 921 3980 dicis,
951 3901 1015 3964 iam
1040 3900 1145 3986 perire
1169 3922 1234 3964 non
1257 3904 1371 3987 possit.
1416 3925 1569 3990 agnosce,
1600 3906 1761 3991 quomodo
1785 3906 1872 3970 mala

223 4009 369 4074 carnalia
397 4007 540 4072 alienum
563 4027 583 4070 a
611 4004 673 4070 deo
696 4006 818 4071 faciant
840 4005 1078 4072 obscaenarum
1107 4008 1305 4094 mancipium
1335 4008 1549 4094 voluptatum.
1594 4009 1636 4074 ad
1659 4008 1796 4075 Galatas
1825 4010 1871 4074 ait
1884 4013 1922 4073 14

169 4125 194 4167 ³⁵
224 4111 404 4199 apostolus:
435 4110 647 4174 manifesta
669 4117 763 4174 sunt
785 4131 904 4196 opera
927 4111 1072 4192 carnis,
1100 4133 1198 4197 quae
1229 4119 1318 4178 sunt
1345 4113 1575 4194 fornicatio,
1606 4112 1869 4193 immunditia,

222 4217 401 4296 luxuria,
434 4213 659 4294 homicidia,
695 4215 939 4294 ebrietates,
974 4217 1260 4281 comisationes
1293 4223 1331 4282 et
1365 4216 1424 4280 his
1462 4216 1636 4297 similia,
1675 4218 1871 4302 quoniam

220 4320 284 4406 qui
322 4319 425 4384 talia
463 4324 585 4403 agunt
619 4339 779 4403 regnum
816 4316 881 4382 dei
914 4340 987 4383 non
1022 4327 1323 4407 consequantur.
1377 4323 1423 4386 ait
1455 4320 1495 4385 ad
1527 4320 1701 4406 Ephesios:
1737 4321 1869 4386 omnia

325 4540 549 4606 locutura.
648 4541 779 4596 bllzecb.
798 4541 899 4606 XVIII,
917 4543 958 4595 21.
976 4542 1018 4596 22.
1116 4544 1148 4597 12
1166 4542 1218 4614 Ep.
1237 4544 1349 4600 Paulini
1367 4563 1408 4599 nr.
1422 4545 1486 4600 XIV
1505 4545 1555 4611 53.
1653 4545 1757 4601 14120.
1778 4545 1872 4612 11,14,

222 4627 501 4693 161ac.11,17.18.
589 4629 624 4682 211
641 4627 694 4682 Iac.
714 4627 748 4692 ΙΙ,
769 4628 879 4682 19-21.
966 4628 1072 4682 tilae.
1093 4629 1187 4692 1126.
1275 4632 1420 4686 291.Ccr.
1439 4631 1546 4696 ΙΧ,27.
1635 4633 1872 4697 3211111115.

220 4715 255 4769 35
273 4714 364 4769 Galat.
377 4715 410 4778 V,
430 4715 540 4769 19-21,
627 4715 660 4768 31
679 4714 748 4783 Eph.
761 4713 795 4776 V,
813 4716 838 4769 5.

326 4855 455 4908 lridctur
476 4856 499 4906 θ
611 4854 627 4905 2
646 4863 726 4907 morta
745 4854 770 4904 P
880 4853 1037 4923 3adsurget
1055 4854 1080 4905 P
1151 4857 1275 4909 seruitute
1296 4859 1319 4908 G
1391 4875 1511 4926 corpores
1529 4859 1555 4910 P
1664 4856 1831 4913 4interioras
1849 4860 1874 4911 P

222 4940 340 4995 osclum
353 4943 397 5008 (P)
505 4939 630 5009 Vinquit]
650 4943 737 4994 aaa
849 4939 881 4994 10
898 4943 1006 4994 nuncG
1069 4944 1210 5009 quaudoP
1276 4951 1380 5012 peccato
1396 4944 1443 5009 θ’,
1461 4961 1528 4996 corr.
1544 4946 1582 4996 0¹
1689 4945 1720 4998 11
1739 4948 1875 5000 mantesP

222 5031 363 5082 munaum
388 5030 414 5080 P
561 5027 593 5078 ra
624 5029 744 5095 proficent
770 5028 796 5078 P
899 5009 1003 5095 ‘aurae
1033 5026 1059 5078 Ρ
1087 5045 1144 5080 aa
1176 5048 1214 5096 ep.
1240 5029 1361 5095 pauzana,
1392 5030 1456 5083 fica
1486 5039 1511 5084 a
1544 5033 1691 5084 maurae
1802 5035 1873 5086 mnr-

221 5124 286 5169 tates
303 5115 329 5168 P
449 5114 482 5167 13
499 5113 548 5166 di.
569 5116 592 5167 G
672 5116 816 5180 requiretur
834 5113 860 5164 P
937 5115 1007 5166 seG
1087 5116 1147 5167 fidei
1163 5115 1189 5166 P
1303 5115 1336 5168 14
1353 5119 1487 5184 prodeant,
1504 5136 1558 5169 rac.
1577 5135 1591 5171 c
1608 5119 1635 5170 P
1748 5118 1781 5171 15
1798 5118 1871 5187 fidae]

221 5221 270 5254 oca.
289 5203 314 5254 Ρ
452 5200 484 5253 16
503 5219 606 5269 operam
627 5200 676 5252 GP
809 5198 843 5250 21
863 5197 899 5266 at]
918 5218 966 5250 cm.
988 5203 1011 5251 0
1148 5199 1182 5253 22
1201 5211 1301 5256 mortua
1317 5230 1350 5240 -
1369 5202 1552 5272 tenporibus]
1569 5206 1599 5255 in
1616 5223 1664 5270 my.
1682 5205 1729 5272 ius.
1749 5207 1811 5257 add
1830 5207 1869 5257 P¹

220 5287 254 5340 23
278 5291 417 5341 habraham
436 5289 462 5340 P
575 5286 608 5339 26
634 5289 786 5340 braeuitates
810 5287 955 5338 omittamus
974 5285 1000 5336 P
1117 5285 1150 5337 27
1173 5297 1330 5356 peccatore,
1354 5307 1408 5341 ras.
1427 5307 1457 5342 ca
1474 5290 1500 5341 P
1613 5290 1647 5342 29
1669 5309 1762 5360 corpus
1786 5310 1872 5346 meum

221 5377 317 5443 castigo
339 5374 383 5441 (P)
489 5373 523 5426 30
540 5375 613 5427 estiar
631 5373 656 5424 Ρ
722 5390 841 5442 corporea
859 5373 900 5424 P¹
971 5374 1027 5425 fieri
1045 5375 1136 5426 metuit
1153 5374 1212 5442 iam]
1236 5377 1285 5440 θ’,
1308 5377 1389 5429 fierim
1406 5380 1430 5430 dr
1448 5379 1560 5431 uitium?
1580 5379 1628 5444 0¹,
1646 5381 1701 5432 fieri
1718 5381 1873 5448 pertimescit

220 5465 271 5514 iam
291 5463 335 5528 (P)
441 5462 474 5516 31
493 5465 648 5515 mortiferam
667 5462 693 5513 P
759 5463 896 5530 contagilia
914 5461 939 5512 P
1006 5463 1155 5529 partimiscit
1170 5464 1201 5528 0,
1224 5465 1315 5516 metuit
1334 5463 1379 5528 (Pl
1484 5463 1518 5517 32
1536 5467 1596 5532 quia
1613 5467 1663 5518 iam
1678 5467 1709 5531 G,
1731 5470 1832 5535 quinam
1850 5469 1876 5520 P

220 5550 356 5602 electiones
374 5549 399 5601 P
466 5551 572 5618 prodigo
591 5548 616 5599 P
716 5547 751 5600 33
773 5551 915 5617 baptizatos
936 5548 959 5599 G
1027 5565 1101 5616 posse
1123 5547 1172 5599 GP
1272 5547 1306 5600 34
1324 5549 1436 5602 alianum
1455 5552 1497 5601 dr‘fi
1516 5553 1652 5604 faciuntdl
1719 5555 1874 5621 galathasG

220 5633 255 5688 35
273 5651 364 5689 carnes
382 5636 408 5687 P
514 5634 549 5688 36
566 5638 677 5688 homicia
695 5635 720 5686 P
786 5637 915 5688 ebrietatis
937 5635 960 5686 G
1068 5633 1101 5685 37
1120 5637 1272 5704 agunturG
1341 5645 1526 5704 consequenter
1539 5638 1564 5689 Ρ
1630 5637 1675 5708 ait]
1698 5641 1728 5705 G,
1746 5642 1806 5693 item
1826 5641 1871 5708 (P)

220 5724 340 5791 ephesius
359 5741 447 5776 munes
465 5724 606 5776 fornicatur
624 5723 649 5774 P
1803 5747 1805 5752 ·
