4732 6436
509 390 594 442 XLIV
1109 389 1318 445 PRAEFATIO
1337 391 1378 445 IN
1396 391 1574 446 SIDONIVM

509 567 542 626 et
570 562 607 627 F
634 561 675 628 ad
706 563 850 629 carmina
880 563 1110 650 pertinentem.
1155 564 1239 628 hanc
1261 563 1361 649 igitur
1388 572 1426 629 ut
1452 565 1690 651 supplevimus,
1722 565 1895 632 recidimus
1919 588 1960 632 ex
1985 569 2164 634 carminum

509 667 720 734 adnotatione
744 668 981 754 discrepantias
998 668 1268 754 orthographicas
1292 676 1422 754 praeter
1437 670 1666 734 memorabilia
1689 668 1849 754 quaedam
1871 678 1969 755 atque
1985 673 2165 759 scripturae

510 771 707 856 compendia
742 772 915 848 solvimns3
952 773 1102 836 nimirum
1135 771 1298 836 desiderio
1330 792 1443 838 eorum
1480 773 1534 857 qui
1564 773 1669 857 ipsam
1700 772 1849 837 codicum
1880 775 2058 861 imaginem
2088 784 2164 842 ante

509 875 621 938 oculos
646 875 708 940 sibi
730 877 807 962 poni
831 878 977 962 cupiunt,
1002 876 1217 961 epistularum
1241 875 1408 940 adnotatio
1432 875 1562 941 abunde
1586 877 1658 941 visa
1680 882 1730 942 est
1753 877 1964 942 satisfecisse.

617 1029 802 1096 Rosrocun.

1731 1124 1944 1198 Farasmcus
1971 1123 2059 1197 Luc.

619 1595 681 1695 Ad
709 1631 809 1694 vitam
839 1630 963 1696 Sidonii
998 1630 1214 1695 enarrandam
1242 1637 1375 1716 praeter
1405 1633 1527 1718 scripta
1556 1632 1659 1718 ipsius
1687 1633 1877 1699 adiumenta
1900 1634 2060 1700 habemus
2090 1637 2164 1717 tria,

507 1735 710 1822 epitaphium
739 1742 771 1799 et
799 1756 882 1821 quae
911 1734 951 1800 de
980 1757 1019 1800 eo
1049 1736 1249 1822 scripserunt
1276 1733 1469 1801 Gennadius
1502 1743 1535 1801 et
1563 1735 1744 1822 Gregorius
1772 1737 1984 1804 Turonensis.
2029 1739 2080 1804 lla
2104 1761 2162 1825 ap·

506 1859 684 1923 posuimus.

618 1983 644 2042 1.
669 1976 882 2064 Epitaphium
904 1976 1012 2042 medio
1036 1998 1132 2056 aevo,
1162 1982 1198 2042 ut
1220 1977 1359 2058 videtur,
1383 1977 1582 2064 descriptum
1607 2000 1649 2044 ex
1672 1979 1781 2065 lapide
1804 1981 1944 2047 fortasse
1967 1981 2000 2044 in
2024 1981 2164 2046 ecclesia

382 2069 385 2074 ’
506 2079 646 2165 quadam
674 2081 761 2166 apud
785 2081 949 2146 Arvernos
979 2081 1145 2166 exposito,
1174 2080 1267 2145 nohis
1294 2079 1450 2146 traditum
1476 2102 1540 2145 uno
1571 2083 1683 2147 codice
1712 2083 1789 2148 olim
1813 2083 2037 2166 Cluniaeensi,
2065 2084 2163 2149 hodie

505 2183 691 2249 Matritensi
715 2206 800 2250 saec.
818 2185 851 2249 X
873 2187 925 2250 val
949 2185 1013 2266 XI,
1042 2184 1143 2251 edidit
1171 2207 1214 2250 ex
1245 2183 1357 2250 codice
1385 2205 1424 2249 eo
1453 2186 1632 2251 aPithoeo
1659 2194 1833 2275 acceptum
1863 2188 1988 2274 primus
2013 2186 2163 2273 Scaliger
2256 2179 2261 2192 '

505 2287 561 2373 (de
583 2289 710 2353 emend.
732 2295 831 2374 temp.
853 2287 1006 2374 Lugduni
1026 2291 1107 2354 15118
1131 2312 1161 2377 p.
1179 2291 1242 2353 576
1266 2321 1306 2344 =
1331 2287 1625 2355 ed.Genev.1629
1649 2313 1680 2378 p.
1696 2291 1786 2375 614),
1810 2291 2036 2378 repetiverunt
2058 2291 2162 2371 multi,

505 2411 586 2476 quos
611 2399 782 2456 enumerat
804 2392 946 2457 Lehlant
966 2394 1062 2456 iuser.
1085 2393 1277 2456 obretimues
1295 2392 1333 2456 de
1354 2391 1386 2456 la
1405 2391 1508 2456 Gaude
1530 2395 1594 2459 vol.
1617 2394 1637 2458 l.
1663 2416 1693 2461 n.
1711 2397 1782 2458 562.
1820 2395 1875 2458 Ad
1895 2394 2039 2459 codicem
2060 2395 2162 2476 illum,

505 2495 599 2558 nobis
620 2492 648 2559 0
667 2495 865 2581 descriptum
889 2496 1008 2581 legitur
1031 2518 1130 2583 supra
1153 2519 1184 2582 p.
1202 2495 1251 2559 VI
1275 2496 1335 2561 suh
1358 2497 1452 2561 titulo
1475 2497 1693 2578 epithaphium
1714 2497 1856 2563 Sidouii:

968 2615 1097 2682 Sauctis
1118 2617 1285 2700 contiguus
1305 2637 1457 2697 sacroque
1472 2618 1567 2698 patri

968 2722 1047 2785 rricit
1067 2723 1113 2786 sic
1134 2722 1257 2786 riseritis
1277 2720 1480 2802 Apollinaris

969 2825 1106 2890 illustris
1128 2824 1241 2904 titulis,
1257 2830 1373 2907 puteus
1394 2824 1518 2901 honore,

969 2935 1070 2994 rector
1091 2931 1225 2994 militiae
1245 2929 1369 3012 forique
1391 2930 1498 2993 iudeu.

969 3034 1093 3099 Mundi
1114 3035 1198 3099 iuter
1222 3035 1363 3098 tumidas
1384 3035 1512 3114 quietus
1533 3033 1639 3096 undas

971 3160 1143 3204 causarum
1164 3140 1332 3204 modernus
1352 3138 1486 3202 subinde
1508 3143 1611 3201 scotres

972 3243 1051 3326 lepes
1072 3243 1236 3308 barbarico
1258 3243 1344 3307 dedit
1365 3242 1481 3322 furori,

970 3346 1226 3412 discordantibus
1248 3348 1332 3410 iuter
1353 3366 1446 3410 artua
1467 3346 1574 3426 repuis

961 3471 1076 3530 pacem
1098 3450 1228 3514 consilio
1249 3450 1379 3513 reducit
1399 3447 1512 3528 amplo.

968 3553 1057 3617 Haec
1079 3555 1163 3618 iuter
1184 3559 1290 3617 taurea
1311 3557 1341 3616 et
1356 3551 1610 3632 philosophando

967 3660 1097 3740 scripsit
1113 3659 1277 3739 perpetuis
1298 3657 1442 3722 habenda
1464 3657 1584 3721 saeclis.

967 3761 1012 3826 Et
1028 3767 1103 3843 post
1125 3761 1205 3826 tatia
1227 3763 1310 3826 dorca
1337 3762 1527 3826 Gratiarum

966 3867 1082 3929 summi
1097 3866 1264 3946 pontificis
1284 3865 1394 3929 sedens
1416 3865 1598 3928 cathedram

967 3970 1147 4035 muudaucs
1168 3970 1270 4034 suboli
1291 3969 1413 4050 refudit
1435 3975 1535 4032 uetus.

969 4067 1107 4157 Quisque
1128 4075 1180 4139 bic
1202 4095 1272 4138 eum
1296 4073 1438 4138 haemmis
1458 4074 1551 4138 deum
1572 4071 1706 4153 repotiis,

964 4179 1110 4244 deutrum
1130 4179 1230 4260 suade
1245 4199 1356 4260 preces
1376 4199 1473 4259 super
1493 4175 1690 4258 sepulerum:

964 4281 1048 4347 nulli
1069 4284 1249 4367 iucopuitus
1270 4289 1300 4347 et
1322 4283 1468 4365 lepardus
1489 4282 1558 4347 orbi

964 4386 1030 4450 illic
1054 4386 1207 4452 Sidonius
1228 4387 1287 4452 tihi
1308 4388 1478 4452 invocetur.

914 4507 993 4572 XII
1009 4507 1050 4574 hl.
1073 4509 1264 4590 Septembres
1285 4509 1410 4574 Zenoue
1434 4509 1627 4589 imperatore.

607 4665 636 4728 2.
662 4660 864 4744 Gennadius,
880 4666 1051 4751 presbyter
1062 4666 1282 4732 Massiliensis
1302 4666 1433 4733 saeculo
1450 4667 1562 4752 quinto
1579 4669 1731 4743 exeunte,
1744 4663 1798 4727 vel
1814 4662 1920 4748 potius
1934 4664 1988 4749 qui
2005 4663 2154 4728 libellum

498 4767 567 4831 eius
595 4767 805 4854 interpolavit
828 4791 855 4833 c.
873 4771 913 4832 92
942 4768 1056 4852 (habet
1084 4771 1145 4835 hoc
1173 4777 1272 4857 eaput
1304 4771 1337 4834 in
1365 4770 1530 4856 plerisque
1559 4768 1651 4832 libris
1675 4767 1830 4830 omissum
1855 4765 1960 4831 codex
1983 4767 2153 4832 Parisinus

496 4889 528 4936 n.
550 4873 649 4935 12161
678 4893 762 4936 saec.
780 4872 860 4957 VII)
886 4873 933 4938 sic
956 4874 1081 4938 scribit:

628 5007 780 5074 Sidonius
794 5012 1012 5076 Aruernorum
1033 5012 1196 5094 episcopum
1217 5009 1344 5090 scripsit
1366 5010 1458 5074 naria
1480 5015 1509 5072 et
1528 5014 1622 5091 prata
1644 5007 1797 5090 opuscula
1818 5013 1847 5070 ct
1868 5028 1968 5071 suuae
1982 5008 2153 5084 doetrinae,

625 5113 713 5179 homo
735 5116 891 5196 siquidem
921 5121 986 5179 tam
1013 5116 1131 5179 diuinis
1157 5134 1254 5197 quum
1281 5113 1432 5177 humanis
1457 5112 1502 5175 ud
1523 5113 1680 5195 integ-rum
1701 5112 1843 5177 imbutus
1864 5132 1996 5192 acerque
2017 5113 2151 5192 iugenio.

624 5219 751 5298 scripsit
773 5219 818 5283 cd
839 5220 976 5286 diuersos
998 5221 1118 5284 (liverso
1133 5224 1230 5283 uretro
1250 5215 1297 5281 uel
1304 5238 1405 5298 prosa
1420 5217 1624 5298 compositum
1638 5215 1848 5296 epistularum
1863 5215 1984 5296 iusipue
2001 5213 2152 5290 columen,

623 5324 660 5386 iu
681 5344 742 5403 quo
764 5323 844 5404 quid
870 5325 906 5386 iu
934 5322 1048 5388 litteris
1068 5327 1175 5404 posset
1203 5322 1345 5385 osteudit.
1378 5341 1486 5384 uerum
1515 5321 1551 5384 iu
1577 5318 1760 5385 Christiano
1788 5320 1891 5400 mpure
1914 5316 2035 5398 potum
2057 5319 2153 5380 etiam

623 5428 707 5490 iuter
729 5427 882 5491 barbarae
903 5426 1078 5507 ferocitatis
1100 5426 1269 5503 duritiam,
1295 5445 1376 5506 quac
1398 5445 1431 5488 eo
1454 5430 1588 5504 tempore
1613 5423 1722 5488 Gallos
1744 5426 1951 5502 oppresserat,
1980 5419 2153 5484 catholicus

617 5536 714 5611 pater
736 5536 765 5594 et
787 5531 893 5596 doctor
914 5530 1048 5594 habetur
1070 5531 1215 5612 imrpuis.
1244 5529 1355 5609 floruit
1378 5549 1415 5593 ea
1442 5533 1633 5608 tempestate,
1664 5547 1729 5608 qua
1752 5528 1816 5590 Leo
1839 5531 1867 5588 et
1889 5525 1973 5588 Zeno
1996 5523 2152 5588 Romanis

623 5635 830 5716 imperabant.
