4560 6434
713 381 823 441 LIBER
840 381 875 452 II,
897 381 991 440 XXIII
1008 383 1024 455 ξ
1042 385 1058 439 3
1077 415 1109 426 -
1128 381 1247 440 XXVIII
1266 383 1282 452 ἓ
1300 383 1325 439 3.
1782 383 1844 452 333

200 576 441 644 nonnumquam
475 564 509 623 et
543 558 727 646 suspiriosis
762 561 893 627 flatibus
928 560 1109 627 excitemus
1143 566 1177 625 et
1210 558 1371 625 interdum
1406 558 1555 625 dulcibus
1588 558 1681 623 nobis
1715 560 1845 625 fletibus
1900 556 1934 628 G

199 663 383 747 irrigemus.
423 683 485 748 quo
501 668 610 728 tamen
631 664 686 728 ille
705 664 810 730 imbre
826 665 975 752 pertusus
992 670 1114 751 quanto
1130 664 1235 752 magis
1251 662 1402 746 inficitur,
1425 669 1517 728 tanto
1533 663 1636 748 magis
1652 662 1845 744 incenditur,
1877 668 1897 727 4

200 765 276 850 quia
292 786 351 851 per
367 766 573 831 lacrimarum
598 767 725 854 copiam
748 767 987 834 desideriorum
1010 773 1109 853 atque
1132 767 1308 832 affectuum
1332 767 1452 832 crescit
1474 768 1613 849 flamma,
1637 787 1702 832 non
1726 766 1844 835 deficit.

198 868 285 933 huno
314 889 408 955 ergo,
439 870 467 932 si
490 868 640 935 dominus
668 871 743 958 piae
771 870 954 937 definitioni
977 881 1105 937 vestrae
1128 870 1290 935 tribuetur
1311 871 1429 951 fautor,
1457 871 1610 938 effectum
1632 871 1726 936 vobis
1750 875 1896 958 prae-15

160 987 171 1024 ⁵
201 972 349 1038 sentibus
372 994 568 1059 percensere
592 975 711 1039 festino
735 982 769 1040 et
791 975 877 1040 ellici
899 975 1080 1063 discipulus
1103 973 1144 1039 de
1168 975 1334 1060 magistro,
1362 975 1525 1060 quianon
1548 997 1600 1040 me
1623 974 1726 1060 pudet
1749 976 1846 1041 ctiam

199 1077 232 1141 in
256 1076 317 1142 hac
341 1081 450 1142 aetate
473 1097 533 1142 nec
556 1079 648 1164 piget
670 1078 820 1166 discipuli
843 1079 987 1166 arripere
1010 1079 1217 1160 industriam,
1249 1077 1422 1143 dummodo
1450 1080 1624 1145 affectatae
1658 1080 1739 1144 artis
1769 1101 1846 1144 con-

200 1201 319 1266 sequar
341 1179 557 1268 disciplinam.
601 1181 692 1268 prius
716 1183 804 1248 enim
828 1182 964 1268 quilibet
986 1182 1086 1247 debet
1108 1181 1235 1248 discere
1258 1203 1357 1269 quam
1380 1182 1507 1264 docere,
1532 1184 1607 1268 quia
1629 1203 1847 1270 praepropere
1879 1186 1899 1246 6

198 1284 342 1348 doctoris
377 1288 515 1370 usurpat
548 1286 772 1372 supercilium,
811 1287 872 1351 nisi
903 1285 1054 1372 discipuli
1086 1286 1268 1372 susceperit
1296 1292 1373 1351 ante
1404 1288 1605 1352 famulatum.
1655 1286 1732 1372 quid
1761 1287 1847 1351 enim
1881 1289 1899 1350 'l

197 1389 329 1469 iustius,
363 1409 460 1473 quam
488 1394 525 1452 ut
552 1390 625 1475 ipse
649 1391 694 1454 sis
717 1391 843 1477 paterni
866 1391 1027 1478 interpres
1051 1391 1187 1476 eloquii,
1217 1391 1272 1475 qui
1294 1391 1447 1457 universa
1470 1412 1553 1476 quae
1577 1391 1631 1456 ille
1655 1389 1849 1476 conscripsit

148 1507 173 1545 1⁰
199 1514 263 1557 non
285 1500 352 1556 tam
376 1491 417 1558 de
442 1491 562 1557 codicis
584 1493 776 1558 membrana
799 1514 896 1578 quarn
919 1492 960 1559 de
985 1493 1091 1558 cordis
1114 1500 1207 1580 potes
1231 1495 1352 1581 pagina
1374 1494 1539 1581 proferret
1584 1495 1675 1559 cuius
1692 1515 1750 1558 vos
1775 1514 1848 1557 csse
1880 1493 1899 1556 8
2021 1537 2023 1542 .

188 1596 298 1678 filios,
328 1617 393 1660 non
428 1596 532 1661 solum
555 1597 778 1682 generositate
801 1597 993 1684 prosapiae,
1023 1618 1137 1662 verum
1168 1599 1267 1663 etiam
1297 1603 1330 1664 et
1353 1599 1561 1684 eloquentiae
1584 1599 1664 1663 flore
1699 1604 1732 1662 et
1761 1597 1848 1660 omni

203 1700 357 1764 virtutum
380 1719 502 1784 genere
526 1700 753 1786 comprobatis,
777 1721 862 1788 quae
885 1700 972 1765 bona
994 1701 1089 1766 vobis
1112 1708 1264 1766 nontam
1288 1701 1436 1767 doctrina
1452 1703 1588 1767 contulit
1603 1723 1699 1788 quam
1715 1707 1847 1774 natura;

202 1805 277 1890 quia
306 1806 395 1869 rivus
422 1805 463 1869 de
492 1804 582 1870 fonte
610 1827 825 1894 prorumpens
848 1807 926 1872 lieet
947 1805 1078 1872 fluendo
1102 1807 1250 1894 proficiat
1273 1812 1306 1870 et
1327 1805 1562 1892 plenitudinem
1587 1804 1745 1870 currendo
1768 1825 1847 1869 con-

199 1910 319 1993 quirat,
349 1910 473 1974 auctori
506 1916 614 1975 tamen
647 1909 733 1975 unde
769 1910 866 1974 sumit
898 1910 1094 1975 vocabulum
1128 1910 1227 1976 debet
1261 1916 1294 1974 et
1327 1911 1489 1976 meritum.
1546 1930 1642 1995 quom
1678 1909 1705 1973 si
1739 1907 1849 1972 divina
1880 1911 1899 1971 9

149 2027 174 2066 ¹⁵
202 2013 377 2078 clementia
398 2035 502 2099 usque
525 2012 567 2078 ad
589 2013 651 2078 hoc
673 2020 804 2100 tempus
828 2035 1003 2100 superesse
1020 2015 1188 2095 voluisset,
1211 2014 1294 2078 sicut
1317 2014 1381 2076 iam
1397 2019 1465 2077 turn
1482 2013 1523 2077 de
1539 2018 1650 2078 vestra
1664 2013 1846 2078 imitatione

198 2114 392 2194 laetabatur,
423 2116 470 2181 ita
492 2137 578 2180 nuno
601 2115 641 2181 de
664 2118 867 2203 perfectione
891 2118 1065 2203 gauderet,
1096 2140 1168 2182 cum
1193 2139 1286 2205 spem
1309 2117 1351 2181 ad
1374 2139 1442 2182 rem
1471 2124 1619 2182 cerneret
1646 2118 1847 2204 pervenisse,

198 2241 258 2284 nec
282 2219 344 2284 sibi
368 2219 530 2285 invideret
553 2222 735 2306 aequalem,
759 2243 856 2307 quem
878 2227 1049 2308 optauerat
1071 2244 1144 2287 esse
1166 2223 1346 2288 meliorem.

951 2515 1095 2586 XXVII.

784 2669 895 2736 ITEM
917 2670 1121 2737 EIUSDEM
1144 2672 1262 2739 ALIA.

146 2823 172 2862 ²⁰
308 2787 502 2898 Qusunrnsr
536 2838 595 2903 per
632 2817 801 2882 diaconem
835 2816 961 2882 Iustum
1001 2840 1066 2883 non
1099 2821 1274 2884 meruerim
1308 2820 1435 2885 litteras
1468 2815 1603 2907 benigni
1636 2821 1780 2909 pectoris
1815 2827 1847 2885 et
1881 2823 1893 2883 l

197 2923 328 2989 facundi
351 2923 415 2987 oris
444 2923 609 3010 accipere,
640 2923 758 3008 quibus
787 2927 820 2986 et
852 2923 1035 2989 erudiretur
1063 2923 1230 3009 ingenium
1261 2931 1295 2989 et
1325 2922 1522 2990 desiderium
1553 2932 1751 3011 pasceretur,
1784 2946 1846 3010 ego

197 3034 324 3106 tamen,
355 3027 408 3112 qui
432 3026 519 3091 malo
543 3026 742 3090 affectuosus
766 3027 906 3091 rusticus
930 3048 1026 3114 quarn
1050 3027 1193 3093 urbanus
1217 3028 1336 3114 impius
1359 3028 1511 3107 iudicari,
1544 3028 1707 3094 scribendi
1730 3049 1847 3116 oppor-

200 3132 374 3197 tunitatem
396 3130 476 3195 mihi
499 3130 606 3217 perire
629 3151 694 3195 non
716 3151 835 3216 passus
859 3152 945 3202 sum:
974 3137 1088 3219 utpote
1112 3132 1167 3217 qui
1189 3132 1270 3196 mihi
1293 3132 1401 3212 nolim,
1425 3154 1490 3197 non
1513 3131 1618 3197 dicam
1642 3134 1846 3198 occasionem

197 3233 374 3314 scribendi,
406 3233 464 3298 sed
493 3254 554 3298 nec
577 3233 709 3298 uidendi
731 3255 788 3300 ros
816 3236 912 3300 unius
941 3237 1049 3301 saltim
1081 3236 1182 3302 horae
1213 3238 1354 3324 spatium
1384 3236 1544 3325 deperire.
1589 3236 1727 3322 ideoque
1757 3237 1846 3302 salve
1880 3239 1899 3300 2

144 3352 170 3391 2⁵
197 3339 371 3425 plurimum
394 3336 467 3402 dieo
490 3344 524 3402 et
547 3358 640 3422 rogo,
670 3343 707 3402 ut
734 3339 803 3404 sine
833 3341 994 3405 communi
1024 3339 1218 3406 detrimento
1241 3348 1275 3406 et
1296 3342 1466 3427 utriusque
1489 3379 1539 3406 m
1568 3339 1758 3428 compendio
1786 3361 1846 3404 nos

199 3463 342 3528 semper,
372 3441 613 3527 opportunitate
636 3448 801 3528 porrecta,
831 3444 950 3508 litteris
973 3444 1089 3508 uestris
1112 3445 1285 3510 inlustrare
1308 3444 1501 3531 dignemini,
1531 3446 1608 3530 quis
1639 3443 1724 3530 quod
1752 3443 1846 3508 nobis

198 3547 231 3610 in
260 3545 379 3610 affectu
410 3545 597 3632 impenditis
627 3561 693 3610 non·
726 3545 925 3633 expenditis,
957 3546 1043 3632 quod
1072 3547 1215 3612 tribuitis
1244 3570 1307 3614 non
1336 3548 1487 3613 amittitis
1517 3555 1550 3612 ct
1577 3547 1663 3634 quod
1692 3547 1785 3611 nobis
1814 3547 1846 3609 in

200 3649 312 3714 charta
335 3649 553 3714 transmittitis
577 3649 745 3714 vobiscum
763 3649 867 3714 corde
891 3651 1048 3715 retinetis.

942 3941 1104 4008 XXVIII.

619 4097 834 4163 RURIOIUS
859 4097 1070 4164 ΟΜΜΑΤΙΟ
1094 4096 1181 4163 SUO
1205 4097 1427 4164 SALUTEM.

306 4215 369 4310 Sic
392 4265 411 4308 a
433 4245 558 4331 pietate
581 4252 692 4310 vestra
714 4245 864 4327 discessi,
895 4244 981 4330 quod
1005 4266 1025 4308 a
1047 4244 1141 4309 robis
1164 4245 1295 4331 penitus
1327 4263 1391 4307 non
1419 4243 1560 4318 recessi;
1592 4243 1625 4308 iu
1647 4243 1763 4309 eadem
1784 4266 1844 4310 vos
1879 4249 1893 4306 1

198 4353 292 4435 parte
315 4347 455 4412 hominis
485 4348 646 4413 interioris
677 4348 829 4430 exhibui,
860 4350 893 4413 in
923 4370 986 4434 qua
1008 4349 1099 4414 vobis
1127 4351 1280 4415 remansi.
1325 4349 1409 4431 scio,
1439 4349 1515 4434 quia
1543 4348 1664 4413 ibidem
1694 4351 1845 4430 remansi,

198 4451 285 4516 unde
314 4472 366 4514 me
396 4472 456 4515 nec
488 4451 660 4516 insidiator
689 4454 842 4538 antiquus
875 4454 983 4540 potuit
1011 4474 1117 4539 neque
1148 4474 1264 4518 recens
1300 4453 1489 4517 consiliator
1523 4452 1708 4518 excludere.
1759 4452 1845 4518 unde
1878 4456 1897 4516 2

199 4557 297 4621 etiam
329 4554 492 4619 sententia
521 4555 606 4619 illius
634 4577 694 4619 vos
724 4558 959 4644 sapientissimi
990 4558 1173 4623 Salomonis
1203 4556 1379 4639 admoneo,
1409 4557 1471 4636 fili,
1502 4578 1549 4620 ue
1578 4556 1845 4641 derelinquas

146 4674 171 4713 ³⁵
198 4661 364 4724 amicum
405 4659 631 4743 antiquum,
673 4679 796 4725 nouus
838 4663 944 4726 enim
984 4683 1058 4727 non
1098 4663 1176 4727 erit
1217 4661 1362 4726 similis
1405 4660 1478 4726 illi.
1533 4660 1665 4723 vinum
1703 4680 1844 4723 novum

199 4764 349 4828 amicus
372 4768 770 4846 novus;ueterescat,
795 4771 945 4832 etcum
970 4768 1188 4831 suavitate
1210 4766 1326 4831 bibes
1349 4763 1465 4830 illud.
1503 4763 1624 4828 etideo
1640 4786 1699 4829 nos
1715 4771 1844 4831 vetere-

200 4890 328 4934 scamus
359 4867 392 4930 in
419 4867 570 4932 amicitiis
600 4875 634 4933 et
664 4869 705 4936 dc
732 4869 785 4934 die
815 4871 848 4933 in
878 4869 966 4935 diem
996 4871 1168 4935 affectibus
1191 4869 1393 4935 innovemur.
1440 4865 1523 4952 quod
1547 4868 1574 4932 si
1597 4869 1721 4934 amicus
1745 4871 1843 4934 relin-
1876 4873 1896 4934 3

200 4971 347 5059 quendus
372 4993 437 5036 non
461 4978 522 5055 est,
546 4979 666 5059 quanto
689 4975 795 5059 magia
818 4980 923 5061 pater,
948 4975 1002 5060 qui
1024 4973 1153 5057 erudiit,
1173 4975 1227 5059 qui
1249 4973 1391 5053 nutriuit,
1415 4971 1481 5056 qui,
1504 4969 1679 5036 adiuvante
1702 4972 1844 5056 domino,

300 5231 334 5287 34
351 5232 435 5288 Ercli.
453 5231 502 5298 IX,
520 5233 562 5289 14.
581 5235 622 5289 15.

301 5371 393 5440 2ille]
415 5374 464 5438 0¹,
487 5374 532 5425 illo
553 5375 593 5425 0¹
708 5373 878 5428 3det'ecit0
992 5374 1147 5445 dputatd
1261 5367 1474 5441 ipraspropera]
1496 5372 1624 5437 Carisius,
1646 5370 1845 5440 praeponeret}

200 5457 234 5508 10
252 5455 285 5511 de
303 5462 386 5512 cordis
403 5468 486 5528 potant
506 5461 544 5512 0¹
599 5463 689 5514 nosG
783 5462 818 5514 22
836 5461 1023 5532 iudicarI]1G²,
1046 5463 1152 5517 indIcari
1174 5461 1211 5513 0¹
1308 5457 1343 5510 23
1361 5477 1451 5526 passus
1468 5456 1536 5527 suin]
1556 5459 1704 5525 paesumG
1754 5454 1843 5523 nolim]

198 5543 356 5611 Ialtjoharm,
373 5548 399 5598 in
412 5548 456 5600 olli
471 5549 502 5612 0,
519 5549 613 5601 nollem
629 5549 748 5600 Coruinius
834 5549 869 5601 24
888 5553 992 5602 uidendi
1004 5570 1051 5603 uos
1063 5552 1107 5602 sed
1119 5567 1166 5601 nec
1178 5547 1306 5601 scribendi
1318 5548 1383 5598 coni.
1396 5546 1537 5597 Mmumsen
1584 5546 1682 5597 oreeG
1732 5546 1805 5618 salue
1819 5541 1844 5594 G

197 5628 232 5681 25
249 5629 467 5694 dallrirnentotl
514 5635 635 5700 mppleas
653 5651 712 5686 cum
798 5632 833 5685 26
850 5635 1031 5702 dignamiuitl
1115 5632 1150 5684 30
1167 5633 1329 5684 ommaciotl
1413 5631 1446 5684 31
1465 5634 1502 5684 sic
1519 5629 1546 5700 a]
1565 5632 1640 5683 sicG
1727 5630 1761 5684 34
1778 5632 1843 5684 aolo-

197 5719 324 5770 manisd
393 5719 484 5770 nnio
586 5719 621 5772 36
638 5723 773 5774 ueteriscat
795 5721 825 5784 0,
844 5729 986 5774 ueteramct
1006 5721 1077 5788 Vulq.
1146 5719 1257 5771 biciso
